1920 3216
802 158 1089 198 -43-

205 270 433 322 rationem,
464 285 593 326 quam
624 273 773 314 nostro
805 284 1002 314 sermone
1033 270 1261 326 „copiren“
1292 267 1563 324 appellamus
1576 301 1586 320 ,
1624 267 1687 323 pi-

203 345 346 388 ctores
392 344 658 390 vascularios
703 344 913 389 adhibere
956 345 1073 390 nullo
1118 345 1248 390 modo
1298 343 1498 400 potuisse.
1578 342 1690 386 Nam

203 419 459 474 saepissime
500 419 751 475 superficies
788 420 1025 476 amphorae
1068 426 1145 464 aut
1184 420 1367 477 hydriae
1408 423 1487 461 aut
1529 418 1691 460 stamni

202 498 279 538 aut
307 498 486 550 paterae
515 500 594 540 aut
623 495 735 540 alius
765 495 1003 552 cujuspiam
1035 496 1200 541 vasculi
1229 509 1325 540 cum
1346 493 1489 538 forma
1507 492 1687 538 tabulae

202 572 278 613 aut
314 569 515 626 parietis,
552 569 597 613 in
636 585 721 628 quo
764 574 861 616 erat
894 570 1081 627 pictura,
1098 596 1102 600 -
1120 585 1208 617 non
1247 569 1524 627 congruebat.
1595 568 1691 621 Qua

201 643 396 687 locorum
427 644 713 708 dispositione
741 659 871 701 saepe
901 652 1149 702 permutata
1178 648 1371 702 picturas
1391 646 1452 700 ⁴in
1483 644 1599 687 vasis
1629 644 1688 685 ab

202 719 523 776 exemplaribus
554 722 723 777 magnis
754 720 878 766 valde
898 722 1175 768 abhorruisse
1195 724 1331 779 patet.
1382 720 1480 773 Qua
1509 722 1689 776 propter

204 793 315 838 duae
342 794 539 850 picturae
570 796 777 850 vasariae,
810 796 979 841 etiamsi
1009 797 1189 841 eandem
1210 797 1405 840 locorum
1433 795 1689 850 figurarum·

203 884 287 926 que
320 869 645 926 dispositionem
676 884 761 914 non
791 872 992 926 habeant,
1024 879 1169 917 tamen
1203 872 1397 929 ejusdcm
1428 869 1689 925 exemplaris

201 944 466 990 imitationes
500 960 596 990 esse
625 949 818 1003 possunt.
887 950 1033 1004 Atque
1068 948 1152 993 hac
1190 948 1288 1005 ipsa
1323 946 1369 990 in
1399 961 1468 1000 re,
1506 945 1588 989 hoc
1624 950 1693 989 est
1744 986 1746 988 .

200 1020 245 1062 in
275 1019 480 1066 libertate
511 1021 675 1077 figuras
706 1024 990 1078 componendi
1027 1024 1264 1067 secundum
1305 1023 1490 1065 formam
1527 1021 1691 1064 vasculi

197 1094 350 1150 figuris
387 1096 572 1140 ornandi
611 1096 786 1140 minime
824 1097 1034 1154 neglectis
1070 1099 1202 1143 rebus
1239 1097 1475 1155 primariis,
1513 1095 1690 1152 opifices

200 1169 360 1214 Graeci
401 1185 496 1215 sese
534 1172 745 1227 praebent
784 1186 911 1216 verae
954 1173 1196 1229 elegantiae
1239 1177 1285 1215 et
1328 1186 1416 1215 non
1457 1170 1689 1214 mediocris

199 1244 359 1300 ingenii
388 1245 591 1289 artifices.
652 1245 838 1290 Etiamsi
867 1247 1002 1303 igitur
1030 1248 1271 1291 imitatores
1294 1246 1515 1301 exemplar
1541 1244 1688 1300 aliquo

200 1319 328 1365 modo
359 1325 531 1365 mutare
561 1326 807 1379 potuerunt,
841 1327 990 1367 tamen
1020 1328 1166 1368 certae
1187 1321 1399 1379 quaedam
1421 1335 1493 1365 res
1520 1334 1690 1376 semper

200 1397 439 1439 servandae
470 1401 603 1454 atque
633 1402 837 1442 accurate
869 1399 995 1454 quasi
1035 1397 1345 1443 describendae
1385 1400 1521 1440 erant.
1582 1396 1687 1440 Cum

199 1475 344 1514 autem
382 1472 517 1516 totius
557 1473 755 1529 picturae
796 1475 1070 1530 compositio,
1112 1479 1162 1518 ut
1201 1473 1329 1516 modo
1370 1472 1482 1525 dixi,
1524 1471 1688 1515 servari

199 1560 283 1589 non
319 1550 488 1603 posset,
528 1548 761 1594 nonnullae
797 1550 1131 1606 compositiones
1161 1553 1332 1607 partes,
1374 1547 1481 1591 certi
1512 1546 1688 1603 quidam

198 1620 431 1676 figurarum
477 1638 633 1679 greges
681 1623 994 1681 (,‚Gruppen“),
1041 1629 1163 1669 certa
1205 1624 1421 1681 quaedam
1463 1623 1688 1666 schemata

200 1696 464 1754 exemplaris
494 1697 550 1742 ab
580 1698 876 1745 imitatoribus
907 1701 1123 1746 servanda
1141 1699 1333 1745 fuerunt.
1394 1697 1687 1751 Quamobrem

194 1774 289 1828 jam
319 1773 503 1816 multum
534 1775 579 1816 in
599 1776 946 1831 perscrutatione
965 1777 1286 1834 profecerimus,
1317 1776 1356 1818 si
1387 1775 1688 1817 demonstrare

197 1849 467 1904 potuerimus
510 1850 720 1895 nonnulla
762 1852 985 1897 schemata
1042 1867 1300 1909 magnarum
1346 1849 1596 1895 tabularum
1642 1848 1688 1891 in

199 1923 380 1979 picturis
410 1925 592 1969 vasariis
622 1926 803 1970 inveniri
839 1928 1002 1972 eadem.
1069 1930 1190 1982 Quae
1228 1927 1451 1970 schemata
1485 1926 1530 1968 in
1571 1924 1686 1967 vasis

199 2012 371 2054 semper
402 2014 456 2042 ex
488 2001 652 2056 magnis
682 2003 865 2058 picturis
896 2017 992 2047 esse
1023 2003 1241 2059 descripta
1270 2016 1444 2055 necesse
1482 2015 1569 2044 non
1605 2004 1685 2052 est,

197 2088 295 2117 cum
326 2074 457 2118 etiam
488 2089 540 2119 ex
560 2076 769 2120 memoria
789 2091 998 2134 expressa
1016 2092 1115 2123 esse
1135 2078 1316 2135 possint.
1376 2077 1518 2133 Atque
1547 2074 1685 2119 multo

196 2149 374 2204 propius
415 2150 544 2193 abest
581 2164 608 2192 a·
637 2165 760 2203 vero,
807 2153 843 2194 si
889 2153 1104 2196 malumus
1140 2155 1411 2197 vasariorum
1451 2151 1683 2194 memoriae

196 2222 461 2269 imitationes
497 2225 713 2280 tribuere,
750 2230 800 2269 ut
829 2231 1073 2273 statuamus
1103 2244 1189 2273 non
1220 2232 1338 2272 totas
1376 2227 1569 2285 picturas
1606 2225 1685 2268 sed

197 2299 368 2354 singula
403 2304 574 2343 tantum
621 2301 844 2346 schemata
881 2318 1139 2360 magnarum
1184 2305 1453 2360 picturarum
1495 2302 1684 2357 pictores

195 2373 240 2416 in
270 2375 384 2418 vasis
413 2376 607 2418 imitatos
647 2390 763 2430 esse,
805 2378 1006 2432 quoniam
1045 2380 1255 2422 memoria
1292 2378 1512 2421 hominum
1554 2376 1684 2419 certis

196 2448 456 2504 quibusdam
486 2450 644 2495 finibus
676 2458 912 2498 coercetur.
941 2479 993 2484 —

313 2524 409 2567 Sint
453 2540 558 2569 sane
601 2526 760 2570 multae
810 2529 965 2571 harum
1013 2529 1457 2586 repraesentationum
1502 2525 1685 2569 Vulcani

196 2599 364 2643 reducti
394 2601 438 2644 in
469 2602 585 2645 vasis
615 2602 759 2646 rubris
789 2605 939 2662 figuris
960 2606 1124 2649 ornatis
1146 2605 1323 2661 eiusque
1353 2603 1441 2647 stili
1461 2602 1681 2647 liberioris

193 2674 307 2718 inter
344 2689 390 2718 se
429 2677 537 2721 satis
579 2677 798 2732 diversae,
836 2684 986 2724 tamen
1022 2680 1256 2725 nonnullae
1300 2680 1597 2731 inveniuntur,
1638 2679 1683 2720 in
