1920 3216
294 827 475 891 Multis
511 847 556 889 in
594 848 774 903 picturis
811 847 994 890 vasariis
1033 847 1232 901 Graecis,
1269 848 1323 891 de
1360 848 1516 902 quibus
1554 848 1669 890 infra

184 924 430 967 accuratius
461 922 688 971 disseram,
719 923 996 965 inveniuntur
1026 923 1453 978 repraesentationes
1485 923 1668 967 Vulcani

180 1012 207 1040 a
236 996 409 1041 Baccho
439 997 484 1040 in
515 996 745 1054 Olympum
775 996 956 1041 reducti.
1018 996 1140 1049 Quae
1170 1011 1432 1053 quamquam
1471 997 1587 1040 inter
1618 1011 1665 1040 se

179 1072 339 1116 similes
362 1075 476 1130 sunt,
506 1076 665 1125 tamen,
696 1073 734 1115 si
764 1072 954 1128 singulas
983 1072 1250 1127 picturarum
1282 1076 1430 1126 partes
1460 1075 1505 1115 et
1534 1072 1668 1127 parti—

179 1147 298 1190 culas
329 1146 594 1201 respicimus,
622 1146 715 1201 jam
746 1147 891 1190 statim
920 1146 1207 1202 intellegimus
1243 1145 1300 1189 ad
1332 1145 1502 1189 diversa
1522 1160 1666 1189 exem-

177 1221 318 1278 plaria
339 1220 535 1263 diversas
558 1220 752 1277 picturas
774 1220 1035 1277 compositas
1057 1233 1163 1263 esse,
1194 1219 1483 1272 Quamobrem
1506 1234 1666 1276 operae

181 1297 367 1351 pretium
399 1300 560 1338 memet
587 1295 803 1338 facturum
838 1295 1050 1348 existimo,
1082 1296 1119 1337 si
1143 1296 1194 1338 'in
1223 1296 1303 1339 hos
1334 1295 1487 1347 fontes,
1520 1298 1595 1352 qui
1623 1298 1667 1340 in

177 1371 402 1416 literarum
432 1372 477 1412 et
506 1368 662 1413 artium
693 1369 981 1413 monumentis
1002 1369 1387 1426 requirendi'sunt,
1420 1372 1666 1415 accuratius

179 1445 450 1501 inquisierim
482 1447 616 1499 atque
646 1449 745 1499 post
775 1446 1174 1496 demonstraverim,
1206 1459 1290 1500 quo
1322 1446 1451 1489 modo
1481 1447 1668 1501 pictores

176 1520 339 1564 vasarii
369 1519 488 1562 hisce
518 1518 710 1563 fontibus
740 1519 828 1563 sint
858 1519 935 1562 usi.
971 1546 1021 1551 -—

291 1593 458 1637 Fabula
497 1597 641 1636 autem
674 1593 857 1638 Vulcani
898 1609 925 1638 a
956 1595 1129 1638 Baccho
1159 1596 1203 1638 in
1235 1594 1465 1651 Olympum
1496 1596 1666 1640 reducti

175 1670 385 1727 adjuncta
422 1671 490 1712 est
528 1672 573 1712 et
612 1669 827 1713 artissime
857 1669 1061 1713 cohaeret
1090 1683 1187 1713 cum
1219 1668 1369 1713 fabula
1402 1669 1584 1714 Vulcani
1614 1685 1667 1714 ex

178 1745 361 1801 Olympo
401 1745 444 1786 in
475 1749 637 1787 terram
669 1744 851 1794 detrusi,
888 1759 999 1800 quae
1032 1759 1125 1789 eam
1157 1745 1298 1800 ipsam
1329 1744 1385 1789 ob
1417 1759 1592 1789 causam
1623 1748 1665 1789 in

112 1838 114 1840 ·
176 1825 326 1863 nostra
360 1818 614 1875 quaestione
646 1818 817 1861 minime
849 1819 1106 1875 negligenda
1136 1820 1305 1862 videtur
1336 1834 1443 1863 esse.
1474 1845 1532 1852 -

290 1894 385 1946 Qua
410 1894 454 1936 in
486 1893 660 1948 regione
691 1892 843 1937 fabula
872 1898 977 1937 nata
1006 1894 1076 1946 sit,
1107 1894 1423 1949 si7quaerimus‚
1452 1896 1497 1938 in
1526 1896 1666 1939 insula

175 1971 346 2021 Lemno,
367 1969 441 2012 ubi
458 1968 676 2011 Vulcanus
695 1968 787 2024 jam
809 1969 1123 2025 antiquissimis
1144 1970 1411 2025 temporibus
1428 1969 1664 2025 colebatur,

174 2060 270 2088 eam
287 2049 483 2088 exortam
497 2057 603 2095 esse,
630 2044 760 2087 certis
777 2044 1042 2098 argumentis
1057 2044 1231 2103 minime
1247 2043 1493 2088 confirmari
1510 2050 1666 2101 potest..

174 2121 297 2176 Quod
337 2134 392 2163 ne
422 2119 680 2176 Prellerus¹)
718 2119 892 2175 quidem
935 2118 1174 2171 contendit,
1215 2119 1290 2175 qui
1321 2123 1468 2165 tamen
1497 2120 1665 2178 putat²)

269 2286 302 2323 1)
328 2282 475 2318 Griech.
501 2282 735 2327 Mythologie
759 2281 795 2315 I3
818 2293 853 2326 p.
882 2284 946 2316 144
971 2293 1023 2326 sq.
1049 2303 1094 2307 —

266 2340 302 2385 2)
328 2339 431 2375 Dicit
463 2339 562 2374 enim
586 2338 773 2374 Prellerus
804 2339 828 2372 l.
854 2349 884 2374 c.
917 2338 1014 2384 „der
1044 2339 1178 2375 tiefere
1213 2340 1344 2375 Grund
1374 2340 1442 2375 der
1466 2339 1582 2375 Fabel
1616 2340 1665 2375 ist

173 2399 265 2434 aber
301 2397 395 2433 auch
425 2396 509 2432 hier
532 2396 594 2431 die
618 2396 892 2443 Beobaehtung
916 2397 981 2433 des
1006 2397 1267 2433 Naturlebens.
1317 2396 1497 2433 Ueberall
1524 2396 1665 2433 wachst

174 2455 224 2490 im
250 2454 375 2490 Siiden
408 2454 475 2490 der
497 2454 625 2498 beste,
656 2453 724 2489 der
747 2453 930 2500 feurigste
954 2453 1065 2489 Wein
1090 2455 1130 2489 in
1153 2453 1422 2489 vulkanischen
1446 2454 1664 2500 Gegenden,

175 2525 234 2549 am
260 2513 398 2554 Vesuv,
424 2510 491 2548 auf
510 2512 643 2557 lechis,
668 2524 737 2548 am·
752 2512 887 2553 Aetna,
914 2509 981 2547 auf
1002 2510 1200 2547 Santorino
1225 2524 1261 2550 u.
1285 2523 1313 2547 s.
1337 2523 1399 2556 w.;
1440 2511 1558 2547 daher
1581 2510 1663 2547 sind

173 2571 360 2616 Dionysos
385 2569 462 2604 und
486 2569 698 2615 Hephastos
722 2570 808 2605 sehr
831 2572 922 2615 gute
946 2569 1142 2611 Freunde,
1177 2570 1279 2605 Hera
1303 2569 1410 2614 aber,
1446 2569 1508 2605 die
1533 2569 1663 2605 Gottin

173 2629 242 2665 der
267 2627 368 2669 Luft,
395 2626 488 2663 wird
512 2639 586 2664 von
604 2627 812 2673 Hephastos
837 2627 1016 2674 gefesselt
1039 2627 1079 2662 in
1105 2627 1321 2664 demselben
1338 2627 1452 2663 Sinne
1476 2627 1546 2663 wie
1562 2626 1663 2663 Hera

1336 2685 1384 2720 l*
