<?xml version="1.0" encoding="UTF-8"?>
<!DOCTYPE html PUBLIC "-//W3C//DTD XHTML 1.0 Transitional//EN"
    "http://www.w3.org/TR/xhtml1/DTD/xhtml1-transitional.dtd">
<html xmlns="http://www.w3.org/1999/xhtml" xml:lang="en" lang="en">
 <head>
  <title>
</title>
<meta http-equiv="Content-Type" content="text/html;charset=utf-8" />
  <meta name='ocr-system' content='tesseract 3.04.00' />
  <meta name='ocr-capabilities' content='ocr_page ocr_carea ocr_par ocr_line ocrx_word'/>
</head>
<body>
  <div class='ocr_page' id='page_1' title='image "4738126_0060.png"; bbox 0 0 1920 3216; ppageno 0'>
   <div class='ocr_carea' id='block_1_1' title="bbox 182 239 1682 311">
    <p class='ocr_par' dir='ltr' id='par_1_1' title="bbox 182 239 1682 311">
     <span class='ocr_line' id='line_1_1' title="bbox 182 239 1682 311; baseline -0.002 -18"><span class='ocrx_word' id='word_1_1' title='bbox 182 239 293 311; x_wconf 58' lang='lat' dir='ltr'>in&#39;q</span> <span class='ocrx_word' id='word_1_2' title='bbox 325 250 583 306; x_wconf 83' lang='lat' dir='ltr'><strong>respicimus</strong></span> <span class='ocrx_word' id='word_1_3' title='bbox 613 250 725 311; x_wconf 85' lang='lat' dir='ltr'>actio</span> <span class='ocrx_word' id='word_1_4' title='bbox 756 249 846 294; x_wconf 86' lang='lat' dir='ltr'>fere</span> <span class='ocrx_word' id='word_1_5' title='bbox 891 249 1061 295; x_wconf 84' lang='lat' dir='ltr'>eadem.</span> <span class='ocrx_word' id='word_1_6' title='bbox 1085 249 1162 293; x_wconf 89' lang='lat' dir='ltr'>sed</span> <span class='ocrx_word' id='word_1_7' title='bbox 1203 248 1340 294; x_wconf 86' lang='lat' dir='ltr'>multo</span> <span class='ocrx_word' id='word_1_8' title='bbox 1370 247 1558 298; x_wconf 78' lang='lat' dir='ltr'>alaciior</span> <span class='ocrx_word' id='word_1_9' title='bbox 1594 250 1682 291; x_wconf 84' lang='lat' dir='ltr'>est:</span> 
     </span>
    </p>
   </div>
   <div class='ocr_carea' id='block_1_2' title="bbox 185 321 1754 391">
    <p class='ocr_par' dir='ltr' id='par_1_2' title="bbox 185 321 1754 391">
     <span class='ocr_line' id='line_1_2' title="bbox 185 321 1754 391; baseline -0.001 -23"><span class='ocrx_word' id='word_1_10' title='bbox 185 324 407 368; x_wconf 82' lang='lat' dir='ltr'><strong>Vulcanus</strong></span> <span class='ocrx_word' id='word_1_11' title='bbox 440 324 587 368; x_wconf 89' lang='lat' dir='ltr'>ebrius</span> <span class='ocrx_word' id='word_1_12' title='bbox 629 349 685 356; x_wconf 91' lang='lat'>—-</span> <span class='ocrx_word' id='word_1_13' title='bbox 723 325 867 382; x_wconf 87' lang='lat' dir='ltr'>capite</span> <span class='ocrx_word' id='word_1_14' title='bbox 909 324 1107 369; x_wconf 72' lang='lat' dir='ltr'>demisso.</span> <span class='ocrx_word' id='word_1_15' title='bbox 1133 327 1183 369; x_wconf 89' lang='lat' dir='ltr'>ut</span> <span class='ocrx_word' id='word_1_16' title='bbox 1211 323 1257 368; x_wconf 89' lang='lat' dir='ltr'>in</span> <span class='ocrx_word' id='word_1_17' title='bbox 1288 322 1319 369; x_wconf 83' lang='lat' dir='ltr'>S</span> <span class='ocrx_word' id='word_1_18' title='bbox 1352 348 1405 354; x_wconf 89' lang='lat'>—-</span> <span class='ocrx_word' id='word_1_19' title='bbox 1442 321 1683 372; x_wconf 72' lang='lat' dir='ltr'>sustinetur</span> <span class='ocrx_word' id='word_1_20' title='bbox 1751 387 1754 391; x_wconf 25' lang='grc' dir='ltr'><strong><em>Ι</em></strong></span> 
     </span>
    </p>
   </div>
   <div class='ocr_carea' id='block_1_3' title="bbox 183 398 1683 607">
    <p class='ocr_par' dir='ltr' id='par_1_3' title="bbox 183 398 1683 607">
     <span class='ocr_line' id='line_1_3' title="bbox 184 398 1682 458; baseline -0.001 -14"><span class='ocrx_word' id='word_1_21' title='bbox 184 399 360 456; x_wconf 88' lang='lat' dir='ltr'>quidem</span> <span class='ocrx_word' id='word_1_22' title='bbox 383 401 460 444; x_wconf 88' lang='lat' dir='ltr'>sed</span> <span class='ocrx_word' id='word_1_23' title='bbox 481 415 567 445; x_wconf 90' lang='lat' dir='ltr'>non</span> <span class='ocrx_word' id='word_1_24' title='bbox 588 416 616 445; x_wconf 89' lang='lat' dir='ltr'>a</span> <span class='ocrx_word' id='word_1_25' title='bbox 637 401 792 458; x_wconf 86' lang='lat' dir='ltr'>Satyro</span> <span class='ocrx_word' id='word_1_26' title='bbox 815 401 890 445; x_wconf 89' lang='lat' dir='ltr'>sed</span> <span class='ocrx_word' id='word_1_27' title='bbox 923 417 952 445; x_wconf 89' lang='lat' dir='ltr'>a</span> <span class='ocrx_word' id='word_1_28' title='bbox 980 400 1153 445; x_wconf 89' lang='lat' dir='ltr'>Baccho</span> <span class='ocrx_word' id='word_1_29' title='bbox 1174 399 1354 456; x_wconf 88' lang='lat' dir='ltr'>amico¹)</span> <span class='ocrx_word' id='word_1_30' title='bbox 1382 399 1463 456; x_wconf 87' lang='lat' dir='ltr'>qui</span> <span class='ocrx_word' id='word_1_31' title='bbox 1477 398 1682 443; x_wconf 84' lang='lat' dir='ltr'>bracchio</span> 
     </span>
     <span class='ocr_line' id='line_1_4' title="bbox 183 473 1682 533; baseline -0.001 -15"><span class='ocrx_word' id='word_1_32' title='bbox 183 474 293 518; x_wconf 91' lang='lat' dir='ltr'>collo</span> <span class='ocrx_word' id='word_1_33' title='bbox 325 476 418 531; x_wconf 87' lang='lat' dir='ltr'>ejus</span> <span class='ocrx_word' id='word_1_34' title='bbox 452 476 720 520; x_wconf 85' lang='lat' dir='ltr'>circumdato</span> <span class='ocrx_word' id='word_1_35' title='bbox 764 490 862 520; x_wconf 90' lang='lat' dir='ltr'>eum</span> <span class='ocrx_word' id='word_1_36' title='bbox 900 490 1031 519; x_wconf 88' lang='lat' dir='ltr'>cursu</span> <span class='ocrx_word' id='word_1_37' title='bbox 1070 474 1168 533; x_wconf 12' lang='lat' dir='ltr'>fere*</span> <span class='ocrx_word' id='word_1_38' title='bbox 1199 473 1335 519; x_wconf 82' lang='lat' dir='ltr'>effuso</span> <span class='ocrx_word' id='word_1_39' title='bbox 1366 488 1514 518; x_wconf 88' lang='lat' dir='ltr'>secum</span> <span class='ocrx_word' id='word_1_40' title='bbox 1551 473 1682 527; x_wconf 85' lang='lat' dir='ltr'>ducit,</span> 
     </span>
     <span class='ocr_line' id='line_1_5' title="bbox 183 546 1683 607; baseline 0.001 -15"><span class='ocrx_word' id='word_1_41' title='bbox 183 564 444 605; x_wconf 88' lang='lat' dir='ltr'>quamquam</span> <span class='ocrx_word' id='word_1_42' title='bbox 483 551 577 606; x_wconf 89' lang='lat' dir='ltr'>ips&#39;e</span> <span class='ocrx_word' id='word_1_43' title='bbox 619 546 798 594; x_wconf 86' lang='lat' dir='ltr'>sinistra</span> <span class='ocrx_word' id='word_1_44' title='bbox 839 564 971 606; x_wconf 77' lang='lat' dir='ltr'>manu</span> <span class='ocrx_word' id='word_1_45' title='bbox 1001 550 1150 607; x_wconf 81' lang='lat' dir='ltr'>thyrso</span> <span class='ocrx_word' id='word_1_46' title='bbox 1181 549 1360 593; x_wconf 78' lang='lat' dir='ltr'><strong>nitatur.</strong></span> <span class='ocrx_word' id='word_1_47' title='bbox 1422 548 1530 592; x_wconf 89' lang='lat' dir='ltr'>Cum</span> <span class='ocrx_word' id='word_1_48' title='bbox 1565 552 1683 593; x_wconf 86' lang='lat' dir='ltr'>vetu-</span> 
     </span>
    </p>
   </div>
   <div class='ocr_carea' id='block_1_4' title="bbox 181 622 1753 757">
    <p class='ocr_par' dir='ltr' id='par_1_4' title="bbox 181 622 1753 757">
     <span class='ocr_line' id='line_1_6' title="bbox 184 622 1753 687; baseline 0.001 -21"><span class='ocrx_word' id='word_1_49' title='bbox 184 625 318 667; x_wconf 83' lang='lat' dir='ltr'>stiore</span> <span class='ocrx_word' id='word_1_50' title='bbox 340 624 497 667; x_wconf 84' lang='lat' dir='ltr'>Bacchi</span> <span class='ocrx_word' id='word_1_51' title='bbox 529 629 632 681; x_wconf 87' lang='lat' dir='ltr'>typo</span> <span class='ocrx_word' id='word_1_52' title='bbox 665 625 866 681; x_wconf 86' lang='lat' dir='ltr'>congruit</span> <span class='ocrx_word' id='word_1_53' title='bbox 895 625 939 667; x_wconf 92' lang='lat' dir='ltr'>in</span> <span class='ocrx_word' id='word_1_54' title='bbox 961 624 997 684; x_wconf 69' lang='lat' dir='ltr'>Q</span> <span class='ocrx_word' id='word_1_55' title='bbox 1029 624 1135 667; x_wconf 88' lang='lat' dir='ltr'>nihil</span> <span class='ocrx_word' id='word_1_56' title='bbox 1164 624 1250 667; x_wconf 86' lang='lat' dir='ltr'>nisi</span> <span class='ocrx_word' id='word_1_57' title='bbox 1279 623 1393 680; x_wconf 85' lang='lat' dir='ltr'>longi</span> <span class='ocrx_word' id='word_1_58' title='bbox 1423 622 1611 667; x_wconf 78' lang='lat' dir='ltr'>cincinni</span> <span class='ocrx_word' id='word_1_59' title='bbox 1641 626 1685 667; x_wconf 85' lang='lat' dir='ltr'>et</span> <span class='ocrx_word' id='word_1_60' title='bbox 1751 685 1753 687; x_wconf 12' lang='lat' dir='ltr'>V</span> 
     </span>
     <span class='ocr_line' id='line_1_7' title="bbox 181 694 1715 757; baseline 0 -15"><span class='ocrx_word' id='word_1_61' title='bbox 181 694 398 755; x_wconf 85' lang='lat' dir='ltr'>promissa</span> <span class='ocrx_word' id='word_1_62' title='bbox 435 699 589 754; x_wconf 84' lang='lat' dir='ltr'>barba·</span> <span class='ocrx_word' id='word_1_63' title='bbox 615 694 721 755; x_wconf 47' lang='lat' dir='ltr'>dei3‘</span> <span class='ocrx_word' id='word_1_64' title='bbox 744 705 896 744; x_wconf 85' lang='lat' dir='ltr'>contra</span> <span class='ocrx_word' id='word_1_65' title='bbox 935 700 1068 744; x_wconf 89' lang='lat' dir='ltr'>vestis</span> <span class='ocrx_word' id='word_1_66' title='bbox 1110 702 1176 743; x_wconf 89' lang='lat' dir='ltr'>est</span> <span class='ocrx_word' id='word_1_67' title='bbox 1214 699 1307 744; x_wconf 87' lang='lat' dir='ltr'>sola</span> <span class='ocrx_word' id='word_1_68' title='bbox 1346 698 1561 757; x_wconf 82' lang='lat' dir='ltr'>chlamys,</span> <span class='ocrx_word' id='word_1_69' title='bbox 1597 713 1715 756; x_wconf 67' lang='lat' dir='ltr'>qua¹¹</span> 
     </span>
    </p>
   </div>
   <div class='ocr_carea' id='block_1_5' title="bbox 182 774 1681 1056">
    <p class='ocr_par' dir='ltr' id='par_1_5' title="bbox 182 774 1681 1056">
     <span class='ocr_line' id='line_1_8' title="bbox 182 774 1674 831; baseline 0 -14"><span class='ocrx_word' id='word_1_70' title='bbox 182 775 314 817; x_wconf 88' lang='lat' dir='ltr'>etiam</span> <span class='ocrx_word' id='word_1_71' title='bbox 339 774 559 817; x_wconf 82' lang='lat' dir='ltr'>Vulcanus</span> <span class='ocrx_word' id='word_1_72' title='bbox 589 775 767 818; x_wconf 87' lang='lat' dir='ltr'>indutus</span> <span class='ocrx_word' id='word_1_73' title='bbox 796 780 874 829; x_wconf 87' lang='lat' dir='ltr'>est,</span> <span class='ocrx_word' id='word_1_74' title='bbox 907 789 1036 831; x_wconf 87' lang='lat' dir='ltr'>quem</span> <span class='ocrx_word' id='word_1_75' title='bbox 1066 787 1379 830; x_wconf 75' lang='lat' dir='ltr'>recognoscere</span> <span class='ocrx_word' id='word_1_76' title='bbox 1408 788 1495 817; x_wconf 89' lang='lat' dir='ltr'>non</span> <span class='ocrx_word' id='word_1_77' title='bbox 1524 787 1674 830; x_wconf 87' lang='lat' dir='ltr'>posse·</span> 
     </span>
     <span class='ocr_line' id='line_1_9' title="bbox 185 837 1680 906; baseline 0.001 -15"><span class='ocrx_word' id='word_1_78' title='bbox 185 864 292 903; x_wconf 90' lang='lat' dir='ltr'>mus,</span> <span class='ocrx_word' id='word_1_79' title='bbox 317 849 364 892; x_wconf 87' lang='lat' dir='ltr'>si</span> <span class='ocrx_word' id='word_1_80' title='bbox 394 849 580 893; x_wconf 87' lang='lat' dir='ltr'>malleus</span> <span class='ocrx_word' id='word_1_81' title='bbox 611 864 698 894; x_wconf 88' lang='lat' dir='ltr'>non</span> <span class='ocrx_word' id='word_1_82' title='bbox 728 855 846 894; x_wconf 88' lang='lat' dir='ltr'>esset</span> <span class='ocrx_word' id='word_1_83' title='bbox 875 850 1151 895; x_wconf 63' lang='lat' dir='ltr'>attributus·</span> <span class='ocrx_word' id='word_1_84' title='bbox 1185 837 1344 894; x_wconf 83' lang='lat' dir='ltr'>Gestus</span> <span class='ocrx_word' id='word_1_85' title='bbox 1375 849 1573 904; x_wconf 83' lang='lat' dir='ltr'>Vulcani,</span> <span class='ocrx_word' id='word_1_86' title='bbox 1595 849 1680 906; x_wconf 41' lang='lat' dir='ltr'>,qui</span> 
     </span>
     <span class='ocr_line' id='line_1_10' title="bbox 187 924 1676 980; baseline 0 -13"><span class='ocrx_word' id='word_1_87' title='bbox 187 939 364 967; x_wconf 87' lang='lat' dir='ltr'>manum</span> <span class='ocrx_word' id='word_1_88' title='bbox 399 925 621 967; x_wconf 80' lang='lat' dir='ltr'>sinistram</span> <span class='ocrx_word' id='word_1_89' title='bbox 655 925 877 969; x_wconf 71' lang='lat' dir='ltr'>et‘oculos</span> <span class='ocrx_word' id='word_1_90' title='bbox 909 925 964 968; x_wconf 90' lang='lat' dir='ltr'>ad</span> <span class='ocrx_word' id='word_1_91' title='bbox 996 925 1161 968; x_wconf 90' lang='lat' dir='ltr'>coelum</span> <span class='ocrx_word' id='word_1_92' title='bbox 1200 925 1341 976; x_wconf 84' lang='lat' dir='ltr'>laetus</span> <span class='ocrx_word' id='word_1_93' title='bbox 1376 924 1510 975; x_wconf 78' lang='lat' dir='ltr'>tollit,</span> <span class='ocrx_word' id='word_1_94' title='bbox 1551 925 1676 980; x_wconf 81' lang='lat' dir='ltr'>quasi</span> 
     </span>
     <span class='ocr_line' id='line_1_11' title="bbox 184 998 1681 1056; baseline 0 -15"><span class='ocrx_word' id='word_1_95' title='bbox 184 999 268 1041; x_wconf 93' lang='lat' dir='ltr'>diis</span> <span class='ocrx_word' id='word_1_96' title='bbox 300 998 438 1042; x_wconf 86' lang='lat' dir='ltr'>dicat:</span> <span class='ocrx_word' id='word_1_97' title='bbox 480 1012 534 1041; x_wconf 89' lang='lat' dir='ltr'>en</span> <span class='ocrx_word' id='word_1_98' title='bbox 569 1000 734 1055; x_wconf 88' lang='lat' dir='ltr'>praeda</span> <span class='ocrx_word' id='word_1_99' title='bbox 764 1000 839 1043; x_wconf 90' lang='lat' dir='ltr'>diu</span> <span class='ocrx_word' id='word_1_100' title='bbox 869 998 1114 1056; x_wconf 80' lang='lat' dir='ltr'>exoptata²)</span> <span class='ocrx_word' id='word_1_101' title='bbox 1154 1009 1263 1043; x_wconf 85' lang='lat' dir='ltr'>vere</span> <span class='ocrx_word' id='word_1_102' title='bbox 1293 998 1559 1043; x_wconf 82' lang='lat' dir='ltr'>dramaticus</span> <span class='ocrx_word' id='word_1_103' title='bbox 1602 1003 1681 1042; x_wconf 75' lang='lat' dir='ltr'>est,</span> 
     </span>
    </p>
   </div>
   <div class='ocr_carea' id='block_1_6' title="bbox 184 1072 1737 1168">
    <p class='ocr_par' dir='ltr' id='par_1_6' title="bbox 184 1072 1737 1168">
     <span class='ocr_line' id='line_1_12' title="bbox 184 1072 1737 1168; baseline -0.001 -51"><span class='ocrx_word' id='word_1_104' title='bbox 184 1074 347 1117; x_wconf 79' lang='lat' dir='ltr'>Contra</span> <span class='ocrx_word' id='word_1_105' title='bbox 388 1088 474 1116; x_wconf 90' lang='lat' dir='ltr'>non</span> <span class='ocrx_word' id='word_1_106' title='bbox 514 1076 623 1117; x_wconf 84' lang='lat' dir='ltr'>satis</span> <span class='ocrx_word' id='word_1_107' title='bbox 670 1074 773 1123; x_wconf 90' lang='lat' dir='ltr'>mihi</span> <span class='ocrx_word' id='word_1_108' title='bbox 819 1078 1009 1128; x_wconf 84' lang='lat' dir='ltr'>constat,</span> <span class='ocrx_word' id='word_1_109' title='bbox 1052 1074 1195 1119; x_wconf 83' lang='lat' dir='ltr'>sintne</span> <span class='ocrx_word' id='word_1_110' title='bbox 1236 1073 1380 1130; x_wconf 81' lang='lat' dir='ltr'>Satyri</span> <span class='ocrx_word' id='word_1_111' title='bbox 1426 1072 1681 1168; x_wconf 84' lang='lat' dir='ltr'>amphoram</span> <span class='ocrx_word' id='word_1_112' title='bbox 1734 1099 1737 1100; x_wconf 28' lang='grc' dir='ltr'><em>ν</em></span> 
     </span>
    </p>
   </div>
   <div class='ocr_carea' id='block_1_7' title="bbox 182 1149 1680 1508">
    <p class='ocr_par' dir='ltr' id='par_1_7' title="bbox 183 1149 1336 1203">
     <span class='ocr_line' id='line_1_13' title="bbox 183 1149 1336 1203; baseline 0.001 -13"><span class='ocrx_word' id='word_1_113' title='bbox 183 1149 400 1203; x_wconf 86' lang='lat' dir='ltr'>portantis</span> <span class='ocrx_word' id='word_1_114' title='bbox 431 1149 707 1192; x_wconf 76' lang='lat' dir='ltr'>endromides</span> <span class='ocrx_word' id='word_1_115' title='bbox 739 1149 872 1193; x_wconf 90' lang='lat' dir='ltr'>calcei</span> <span class='ocrx_word' id='word_1_116' title='bbox 904 1149 1061 1193; x_wconf 86' lang='lat' dir='ltr'>scenici</span> <span class='ocrx_word' id='word_1_117' title='bbox 1093 1162 1249 1191; x_wconf 89' lang='lat' dir='ltr'>annon.</span> <span class='ocrx_word' id='word_1_118' title='bbox 1285 1173 1336 1180; x_wconf 88' lang='lat'>—</span> 
     </span>
    </p>

    <p class='ocr_par' dir='ltr' id='par_1_8' title="bbox 182 1222 1680 1508">
     <span class='ocr_line' id='line_1_14' title="bbox 302 1222 1680 1285; baseline 0 -20"><span class='ocrx_word' id='word_1_119' title='bbox 302 1223 406 1266; x_wconf 90' lang='lat' dir='ltr'>Cum</span> <span class='ocrx_word' id='word_1_120' title='bbox 438 1224 484 1266; x_wconf 92' lang='lat' dir='ltr'>in</span> <span class='ocrx_word' id='word_1_121' title='bbox 506 1223 569 1280; x_wconf 76' lang='lat' dir='ltr'>R,</span> <span class='ocrx_word' id='word_1_122' title='bbox 592 1222 642 1279; x_wconf 85' lang='lat' dir='ltr'>S,</span> <span class='ocrx_word' id='word_1_123' title='bbox 665 1224 701 1285; x_wconf 64' lang='grc' dir='ltr'>(ξ</span> <span class='ocrx_word' id='word_1_124' title='bbox 725 1229 770 1267; x_wconf 91' lang='lat' dir='ltr'>et</span> <span class='ocrx_word' id='word_1_125' title='bbox 790 1223 838 1270; x_wconf 92' lang='lat' dir='ltr'>X</span> <span class='ocrx_word' id='word_1_126' title='bbox 868 1237 1027 1280; x_wconf 88' lang='lat' dir='ltr'>pompa</span> <span class='ocrx_word' id='word_1_127' title='bbox 1056 1222 1295 1267; x_wconf 86' lang='lat' dir='ltr'>bacchica</span> <span class='ocrx_word' id='word_1_128' title='bbox 1283 1237 1328 1266; x_wconf 89' lang='lat' dir='ltr'>m</span> <span class='ocrx_word' id='word_1_129' title='bbox 1348 1223 1526 1267; x_wconf 86' lang='lat' dir='ltr'>modum</span> <span class='ocrx_word' id='word_1_130' title='bbox 1546 1222 1680 1267; x_wconf 84' lang='lat' dir='ltr'>thiasi</span> 
     </span>
     <span class='ocr_line' id='line_1_15' title="bbox 185 1296 1680 1353; baseline -0.001 -14"><span class='ocrx_word' id='word_1_131' title='bbox 185 1302 522 1352; x_wconf 81' lang='lat' dir='ltr'>repraesentata</span> <span class='ocrx_word' id='word_1_132' title='bbox 552 1299 620 1347; x_wconf 78' lang='lat' dir='ltr'>sit,</span> <span class='ocrx_word' id='word_1_133' title='bbox 653 1298 776 1351; x_wconf 88' lang='lat' dir='ltr'>cujus</span> <span class='ocrx_word' id='word_1_134' title='bbox 809 1298 1034 1341; x_wconf 86' lang='lat' dir='ltr'>schemata</span> <span class='ocrx_word' id='word_1_135' title='bbox 1064 1298 1251 1353; x_wconf 87' lang='lat' dir='ltr'>pictores</span> <span class='ocrx_word' id='word_1_136' title='bbox 1272 1298 1316 1340; x_wconf 91' lang='lat' dir='ltr'>in</span> <span class='ocrx_word' id='word_1_137' title='bbox 1338 1296 1680 1341; x_wconf 85' lang='lat' dir='ltr'>bacchanalibus</span> 
     </span>
     <span class='ocr_line' id='line_1_16' title="bbox 182 1371 1677 1429; baseline 0 -15"><span class='ocrx_word' id='word_1_138' title='bbox 182 1372 328 1415; x_wconf 86' lang='lat' dir='ltr'>videre</span> <span class='ocrx_word' id='word_1_139' title='bbox 376 1373 557 1428; x_wconf 88' lang='lat' dir='ltr'>visaque</span> <span class='ocrx_word' id='word_1_140' title='bbox 603 1373 765 1416; x_wconf 81' lang='lat' dir='ltr'>imitari</span> <span class='ocrx_word' id='word_1_141' title='bbox 808 1377 1069 1429; x_wconf 84' lang='lat' dir='ltr'>potuerunt,</span> <span class='ocrx_word' id='word_1_142' title='bbox 1122 1373 1167 1417; x_wconf 90' lang='lat' dir='ltr'>in</span> <span class='ocrx_word' id='word_1_143' title='bbox 1209 1372 1380 1429; x_wconf 87' lang='lat' dir='ltr'>pictura</span> <span class='ocrx_word' id='word_1_144' title='bbox 1428 1372 1591 1415; x_wconf 88' lang='lat' dir='ltr'>vasculi</span> <span class='ocrx_word' id='word_1_145' title='bbox 1639 1371 1677 1415; x_wconf 72' lang='lat' dir='ltr'>&#39;l&#39;</span> 
     </span>
     <span class='ocr_line' id='line_1_17' title="bbox 182 1446 1678 1508; baseline 0.001 -20"><span class='ocrx_word' id='word_1_146' title='bbox 182 1447 363 1491; x_wconf 86' lang='lat' dir='ltr'>inveniri</span> <span class='ocrx_word' id='word_1_147' title='bbox 412 1447 700 1490; x_wconf 85' lang='lat' dir='ltr'>imitationem</span> <span class='ocrx_word' id='word_1_148' title='bbox 750 1448 1067 1493; x_wconf 85' lang='lat' dir='ltr'>accuratiorem</span> <span class='ocrx_word' id='word_1_149' title='bbox 1123 1446 1325 1492; x_wconf 87' lang='lat' dir='ltr'>ludorum</span> <span class='ocrx_word' id='word_1_150' title='bbox 1372 1446 1678 1508; x_wconf 16' lang='lat' dir='ltr'>*scaenicorum</span> 
     </span>
    </p>
   </div>
   <div class='ocr_carea' id='block_1_8' title="bbox 182 1522 1686 1582">
    <p class='ocr_par' dir='ltr' id='par_1_9' title="bbox 182 1522 1686 1582">
     <span class='ocr_line' id='line_1_18' title="bbox 182 1522 1686 1582; baseline 0.001 -17"><span class='ocrx_word' id='word_1_151' title='bbox 182 1537 308 1565; x_wconf 88' lang='lat' dir='ltr'>nemo</span> <span class='ocrx_word' id='word_1_152' title='bbox 341 1528 408 1565; x_wconf 82' lang='lat' dir='ltr'>cst</span> <span class='ocrx_word' id='word_1_153' title='bbox 438 1523 511 1578; x_wconf 91' lang='lat' dir='ltr'>qui</span> <span class='ocrx_word' id='word_1_154' title='bbox 541 1522 753 1567; x_wconf 86' lang='lat' dir='ltr'>abnuerit.</span> <span class='ocrx_word' id='word_1_155' title='bbox 813 1522 1129 1582; x_wconf 82' lang='lat' dir='ltr'>Lenormantus</span> <span class='ocrx_word' id='word_1_156' title='bbox 1152 1527 1196 1566; x_wconf 92' lang='lat' dir='ltr'>et</span> <span class='ocrx_word' id='word_1_157' title='bbox 1215 1522 1270 1565; x_wconf 89' lang='lat' dir='ltr'>de</span> <span class='ocrx_word' id='word_1_158' title='bbox 1293 1522 1519 1578; x_wconf 81' lang='lat' dir='ltr'>Witteus³)</span> <span class='ocrx_word' id='word_1_159' title='bbox 1547 1522 1686 1566; x_wconf 88' lang='lat' dir='ltr'>verba.</span> 
     </span>
    </p>
   </div>
   <div class='ocr_carea' id='block_1_9' title="bbox 183 1597 1719 1662">
    <p class='ocr_par' dir='ltr' id='par_1_10' title="bbox 183 1597 1719 1662">
     <span class='ocr_line' id='line_1_19' title="bbox 183 1597 1719 1662; baseline 0.001 -22"><span class='ocrx_word' id='word_1_160' title='bbox 183 1597 426 1653; x_wconf 82' lang='lat' dir='ltr'>copiosiora</span> <span class='ocrx_word' id='word_1_161' title='bbox 457 1597 623 1641; x_wconf 86' lang='lat' dir='ltr'>faciunt</span> <span class='ocrx_word' id='word_1_162' title='bbox 652 1597 706 1641; x_wconf 91' lang='lat' dir='ltr'>de</span> <span class='ocrx_word' id='word_1_163' title='bbox 736 1597 820 1643; x_wconf 87' lang='lat' dir='ltr'>hac</span> <span class='ocrx_word' id='word_1_164' title='bbox 849 1598 1022 1656; x_wconf 86' lang='lat' dir='ltr'>pictura</span> <span class='ocrx_word' id='word_1_165' title='bbox 1051 1598 1244 1650; x_wconf 81' lang='lat' dir='ltr'>vasaria3</span> <span class='ocrx_word' id='word_1_166' title='bbox 1271 1597 1353 1662; x_wconf 42' lang='lat' dir='ltr'>,sed</span> <span class='ocrx_word' id='word_1_167' title='bbox 1374 1597 1601 1655; x_wconf 86' lang='lat' dir='ltr'>permultis</span> <span class='ocrx_word' id='word_1_168' title='bbox 1632 1597 1678 1642; x_wconf 90' lang='lat' dir='ltr'>in</span> <span class='ocrx_word' id='word_1_169' title='bbox 1715 1601 1719 1605; x_wconf 85' lang='lat'>&#39;</span> 
     </span>
    </p>
   </div>
   <div class='ocr_carea' id='block_1_10' title="bbox 181 1672 1692 1804">
    <p class='ocr_par' dir='ltr' id='par_1_11' title="bbox 181 1672 1692 1804">
     <span class='ocr_line' id='line_1_20' title="bbox 181 1672 1692 1728; baseline 0.001 -13"><span class='ocrx_word' id='word_1_170' title='bbox 181 1673 312 1715; x_wconf 85' lang='lat' dir='ltr'>rebus</span> <span class='ocrx_word' id='word_1_171' title='bbox 353 1676 610 1715; x_wconf 81' lang='lat' dir='ltr'>erraverunt</span> <span class='ocrx_word' id='word_1_172' title='bbox 640 1687 698 1716; x_wconf 88' lang='lat' dir='ltr'>-ac</span> <span class='ocrx_word' id='word_1_173' title='bbox 728 1686 782 1715; x_wconf 90' lang='lat' dir='ltr'>ne</span> <span class='ocrx_word' id='word_1_174' title='bbox 813 1672 857 1714; x_wconf 92' lang='lat' dir='ltr'>id</span> <span class='ocrx_word' id='word_1_175' title='bbox 889 1673 1065 1727; x_wconf 89' lang='lat' dir='ltr'>quidem</span> <span class='ocrx_word' id='word_1_176' title='bbox 1102 1673 1303 1716; x_wconf 86' lang='lat' dir='ltr'>viderunt</span> <span class='ocrx_word' id='word_1_177' title='bbox 1337 1674 1549 1728; x_wconf 88' lang='lat' dir='ltr'>pictorem</span> <span class='ocrx_word' id='word_1_178' title='bbox 1587 1681 1692 1717; x_wconf 76' lang='lat' dir='ltr'>vas-v</span> 
     </span>
     <span class='ocr_line' id='line_1_21' title="bbox 182 1746 1690 1804; baseline 0.001 -15"><span class='ocrx_word' id='word_1_179' title='bbox 182 1746 393 1790; x_wconf 85' lang='lat' dir='ltr'>cularium</span> <span class='ocrx_word' id='word_1_180' title='bbox 426 1747 579 1790; x_wconf 72' lang='lat' dir='ltr'>&#39;ludum</span> <span class='ocrx_word' id='word_1_181' title='bbox 619 1746 866 1790; x_wconf 87' lang='lat' dir='ltr'>scaenicum</span> <span class='ocrx_word' id='word_1_182' title='bbox 913 1747 1128 1791; x_wconf 84' lang='lat' dir='ltr'>imitatum</span> <span class='ocrx_word' id='word_1_183' title='bbox 1173 1761 1286 1801; x_wconf 88' lang='lat' dir='ltr'>esse,</span> <span class='ocrx_word' id='word_1_184' title='bbox 1327 1747 1373 1791; x_wconf 89' lang='lat' dir='ltr'>id</span> <span class='ocrx_word' id='word_1_185' title='bbox 1414 1746 1527 1804; x_wconf 84' lang='lat' dir='ltr'>quod</span> <span class='ocrx_word' id='word_1_186' title='bbox 1566 1747 1690 1791; x_wconf 86' lang='lat' dir='ltr'>inter·</span> 
     </span>
    </p>
   </div>
   <div class='ocr_carea' id='block_1_11' title="bbox 180 1821 1681 1951">
    <p class='ocr_par' dir='ltr' id='par_1_12' title="bbox 180 1821 1681 1951">
     <span class='ocr_line' id='line_1_22' title="bbox 181 1821 1679 1878; baseline 0.001 -14"><span class='ocrx_word' id='word_1_187' title='bbox 181 1836 329 1865; x_wconf 90' lang='lat' dir='ltr'>omnes</span> <span class='ocrx_word' id='word_1_188' title='bbox 361 1821 671 1876; x_wconf 87' lang='lat' dir='ltr'>archaeologos</span> <span class='ocrx_word' id='word_1_189' title='bbox 711 1826 895 1864; x_wconf 87' lang='lat' dir='ltr'>constat.</span> <span class='ocrx_word' id='word_1_190' title='bbox 963 1821 1073 1865; x_wconf 88' lang='lat' dir='ltr'>Sunt</span> <span class='ocrx_word' id='word_1_191' title='bbox 1115 1823 1228 1866; x_wconf 90' lang='lat' dir='ltr'>enim</span> <span class='ocrx_word' id='word_1_192' title='bbox 1266 1826 1476 1878; x_wconf 82' lang='lat' dir='ltr'>quattuor</span> <span class='ocrx_word' id='word_1_193' title='bbox 1511 1822 1679 1877; x_wconf 86' lang='lat' dir='ltr'>figurae</span> 
     </span>
     <span class='ocr_line' id='line_1_23' title="bbox 180 1895 1681 1951; baseline 0.001 -12"><span class='ocrx_word' id='word_1_194' title='bbox 180 1896 353 1941; x_wconf 81' lang='lat' dir='ltr'>vasisT</span> <span class='ocrx_word' id='word_1_195' title='bbox 380 1895 735 1951; x_wconf 85' lang='lat' dir='ltr'>inscriptionibus</span> <span class='ocrx_word' id='word_1_196' title='bbox 759 1895 1050 1951; x_wconf 85' lang='lat' dir='ltr'>significatae:</span> <span class='ocrx_word' id='word_1_197' title='bbox 1085 1898 1270 1942; x_wconf 73' lang='lat' dir='ltr'>MAPs</span> <span class='ocrx_word' id='word_1_198' title='bbox 1282 1899 1425 1951; x_wconf 80' lang='lat' dir='ltr'>YA5,</span> <span class='ocrx_word' id='word_1_199' title='bbox 1447 1896 1681 1941; x_wconf 84' lang='grc' dir='ltr'><strong><em>ΚΩΜΩΙ-</em></strong></span> 
     </span>
    </p>
   </div>
   <div class='ocr_carea' id='block_1_12' title="bbox 180 1971 1677 2105">
    <p class='ocr_par' dir='ltr' id='par_1_13' title="bbox 180 1971 1677 2105">
     <span class='ocr_line' id='line_1_24' title="bbox 180 1971 1677 2028; baseline 0 -13"><span class='ocrx_word' id='word_1_200' title='bbox 180 1974 310 2024; x_wconf 69' lang='lat' dir='ltr'>AIA,</span> <span class='ocrx_word' id='word_1_201' title='bbox 342 1973 502 2015; x_wconf 89' lang='grc' dir='ltr'><em>ΛΙΟΝ</em></span> <span class='ocrx_word' id='word_1_202' title='bbox 508 1971 693 2018; x_wconf 57' lang='grc'>17505,</span> <span class='ocrx_word' id='word_1_203' title='bbox 726 1971 1082 2016; x_wconf 73' lang='lat' dir='ltr'>HmA15T05</span> <span class='ocrx_word' id='word_1_204' title='bbox 1124 1971 1281 2028; x_wconf 89' lang='lat' dir='ltr'>quibus</span> <span class='ocrx_word' id='word_1_205' title='bbox 1316 1972 1435 2015; x_wconf 89' lang='lat' dir='ltr'>haud</span> <span class='ocrx_word' id='word_1_206' title='bbox 1474 1986 1677 2028; x_wconf 86' lang='lat' dir='ltr'>magnam</span> 
     </span>
     <span class='ocr_line' id='line_1_25' title="bbox 181 2046 1677 2105; baseline 0 -14"><span class='ocrx_word' id='word_1_207' title='bbox 181 2046 456 2094; x_wconf 84' lang='lat' dir='ltr'>tribuendam</span> <span class='ocrx_word' id='word_1_208' title='bbox 490 2061 585 2091; x_wconf 87' lang='lat' dir='ltr'>esse</span> <span class='ocrx_word' id='word_1_209' title='bbox 608 2047 916 2091; x_wconf 88' lang='lat' dir='ltr'>auctoritatem</span> <span class='ocrx_word' id='word_1_210' title='bbox 946 2051 1075 2102; x_wconf 81' lang='lat' dir='ltr'>put03</span> <span class='ocrx_word' id='word_1_211' title='bbox 1105 2047 1190 2105; x_wconf 91' lang='lat' dir='ltr'>ipsi</span> <span class='ocrx_word' id='word_1_212' title='bbox 1211 2047 1525 2092; x_wconf 89' lang='lat' dir='ltr'>Lenormantus</span> <span class='ocrx_word' id='word_1_213' title='bbox 1548 2053 1592 2092; x_wconf 92' lang='lat' dir='ltr'>et</span> <span class='ocrx_word' id='word_1_214' title='bbox 1623 2049 1677 2092; x_wconf 89' lang='lat' dir='ltr'>de</span> 
     </span>
    </p>
   </div>
   <div class='ocr_carea' id='block_1_13' title="bbox 181 2112 1685 2178">
    <p class='ocr_par' dir='ltr' id='par_1_14' title="bbox 181 2112 1685 2178">
     <span class='ocr_line' id='line_1_26' title="bbox 181 2112 1685 2178; baseline 0 -14"><span class='ocrx_word' id='word_1_215' title='bbox 181 2122 370 2165; x_wconf 89' lang='lat' dir='ltr'>Witteus</span> <span class='ocrx_word' id='word_1_216' title='bbox 401 2122 553 2171; x_wconf 87' lang='lat' dir='ltr'>dicunt</span> <span class='ocrx_word' id='word_1_217' title='bbox 595 2112 937 2177; x_wconf 85' lang='lat' dir='ltr'>supervacaneas</span> <span class='ocrx_word' id='word_1_218' title='bbox 980 2134 1089 2163; x_wconf 67' lang='lat' dir='ltr'>esse⁴</span> <span class='ocrx_word' id='word_1_219' title='bbox 1115 2121 1442 2178; x_wconf 82' lang='lat' dir='ltr'>inscriptiones,</span> <span class='ocrx_word' id='word_1_220' title='bbox 1482 2121 1559 2166; x_wconf 88' lang='lat' dir='ltr'>sed</span> <span class='ocrx_word' id='word_1_221' title='bbox 1589 2124 1685 2165; x_wconf 86' lang='lat' dir='ltr'>non·</span> 
     </span>
    </p>
   </div>
   <div class='ocr_carea' id='block_1_14' title="bbox 169 2187 1677 2403">
    <p class='ocr_par' dir='ltr' id='par_1_15' title="bbox 169 2187 1677 2403">
     <span class='ocr_line' id='line_1_27' title="bbox 180 2187 1676 2252; baseline 0.001 -13"><span class='ocrx_word' id='word_1_222' title='bbox 180 2187 407 2249; x_wconf 83' lang='lat' dir='ltr'>annotant,</span> <span class='ocrx_word' id='word_1_223' title='bbox 438 2200 584 2239; x_wconf 89' lang='lat' dir='ltr'>utrum</span> <span class='ocrx_word' id='word_1_224' title='bbox 615 2196 671 2240; x_wconf 88' lang='lat' dir='ltr'>ab</span> <span class='ocrx_word' id='word_1_225' title='bbox 701 2196 797 2251; x_wconf 92' lang='lat' dir='ltr'>ipso</span> <span class='ocrx_word' id='word_1_226' title='bbox 813 2195 976 2239; x_wconf 87' lang='lat' dir='ltr'>vasculi</span> <span class='ocrx_word' id='word_1_227' title='bbox 998 2196 1164 2250; x_wconf 88' lang='lat' dir='ltr'>pictore</span> <span class='ocrx_word' id='word_1_228' title='bbox 1183 2194 1332 2252; x_wconf 85' lang='lat' dir='ltr'>figuris</span> <span class='ocrx_word' id='word_1_229' title='bbox 1354 2196 1547 2251; x_wconf 84' lang='lat' dir='ltr'>adjectas</span> <span class='ocrx_word' id='word_1_230' title='bbox 1578 2211 1676 2240; x_wconf 89' lang='lat' dir='ltr'>esse</span> 
     </span>
     <span class='ocr_line' id='line_1_28' title="bbox 169 2270 1675 2327; baseline -0.001 -12"><span class='ocrx_word' id='word_1_231' title='bbox 169 2271 483 2327; x_wconf 77' lang='lat' dir='ltr'>inscriptiones</span> <span class='ocrx_word' id='word_1_232' title='bbox 523 2274 680 2326; x_wconf 87' lang='lat' dir='ltr'>putent</span> <span class='ocrx_word' id='word_1_233' title='bbox 718 2284 773 2313; x_wconf 85' lang='lat' dir='ltr'>an</span> <span class='ocrx_word' id='word_1_234' title='bbox 815 2270 1132 2326; x_wconf 85' lang='lat' dir='ltr'>posterioribus</span> <span class='ocrx_word' id='word_1_235' title='bbox 1173 2270 1440 2326; x_wconf 89' lang='lat' dir='ltr'>temporibus</span> <span class='ocrx_word' id='word_1_236' title='bbox 1484 2270 1540 2314; x_wconf 86' lang='lat' dir='ltr'>ab</span> <span class='ocrx_word' id='word_1_237' title='bbox 1588 2270 1675 2315; x_wconf 84' lang='lat' dir='ltr'>alio</span> 
     </span>
     <span class='ocr_line' id='line_1_29' title="bbox 179 2345 1677 2403; baseline 0 -13"><span class='ocrx_word' id='word_1_238' title='bbox 179 2347 345 2403; x_wconf 86' lang='lat' dir='ltr'>opifice.</span> <span class='ocrx_word' id='word_1_239' title='bbox 423 2346 528 2389; x_wconf 82' lang='lat' dir='ltr'>Mihi</span> <span class='ocrx_word' id='word_1_240' title='bbox 578 2345 754 2402; x_wconf 88' lang='lat' dir='ltr'>quidem</span> <span class='ocrx_word' id='word_1_241' title='bbox 806 2346 912 2389; x_wconf 89' lang='lat' dir='ltr'>haec</span> <span class='ocrx_word' id='word_1_242' title='bbox 962 2346 1137 2389; x_wconf 90' lang='lat' dir='ltr'>nomina</span> <span class='ocrx_word' id='word_1_243' title='bbox 1187 2346 1425 2401; x_wconf 64' lang='lat' dir='ltr'>eleganter</span> <span class='ocrx_word' id='word_1_244' title='bbox 1466 2347 1677 2402; x_wconf 87' lang='lat' dir='ltr'>inscripta</span> 
     </span>
    </p>
   </div>
   <div class='ocr_carea' id='block_1_15' title="bbox 181 2441 387 2448">
    <p class='ocr_par' dir='ltr' id='par_1_16' title="bbox 181 2441 387 2448">
     <span class='ocr_line' id='line_1_30' title="bbox 181 2441 387 2448; baseline 0 0"><span class='ocrx_word' id='word_1_245' title='bbox 181 2441 387 2448; x_wconf 95' lang='lat' dir='ltr'> </span> 
     </span>
    </p>
   </div>
   <div class='ocr_carea' id='block_1_16' title="bbox 170 2483 1677 2707">
    <p class='ocr_par' dir='ltr' id='par_1_17' title="bbox 170 2483 1677 2589">
     <span class='ocr_line' id='line_1_31' title="bbox 275 2483 1677 2531; baseline -0.002 -9"><span class='ocrx_word' id='word_1_246' title='bbox 275 2490 309 2528; x_wconf 88' lang='lat'>1)</span> <span class='ocrx_word' id='word_1_247' title='bbox 334 2487 381 2522; x_wconf 87' lang='lat' dir='ltr'>cf.</span> <span class='ocrx_word' id='word_1_248' title='bbox 407 2487 565 2522; x_wconf 80' lang='lat' dir='ltr'>Pausan.</span> <span class='ocrx_word' id='word_1_249' title='bbox 599 2486 628 2531; x_wconf 90' lang='lat' dir='ltr'>I,</span> <span class='ocrx_word' id='word_1_250' title='bbox 653 2487 711 2530; x_wconf 88' lang='grc'>20,</span> <span class='ocrx_word' id='word_1_251' title='bbox 742 2487 763 2521; x_wconf 87' lang='grc'>2</span> <span class='ocrx_word' id='word_1_252' title='bbox 786 2485 838 2519; x_wconf 79' lang='grc' dir='ltr'>Λι</span> <span class='ocrx_word' id='word_1_253' title='bbox 841 2483 982 2523; x_wconf 69' lang='lat' dir='ltr'>druove</span> <span class='ocrx_word' id='word_1_254' title='bbox 1018 2483 1175 2529; x_wconf 79' lang='grc' dir='ltr'><strong><em>μάλιστα</em></strong></span> <span class='ocrx_word' id='word_1_255' title='bbox 1193 2483 1261 2529; x_wconf 73' lang='grc' dir='ltr'>γὰρ</span> <span class='ocrx_word' id='word_1_256' title='bbox 1285 2487 1320 2522; x_wconf 65' lang='grc' dir='ltr'>ἐς</span> <span class='ocrx_word' id='word_1_257' title='bbox 1343 2486 1470 2520; x_wconf 73' lang='grc' dir='ltr'><strong><em>τοῦτον</em></strong></span> <span class='ocrx_word' id='word_1_258' title='bbox 1500 2500 1539 2520; x_wconf 79' lang='lat' dir='ltr'>m</span> <span class='ocrx_word' id='word_1_259' title='bbox 1526 2498 1582 2519; x_wconf 80' lang='grc' dir='ltr'>ιτσ</span> <span class='ocrx_word' id='word_1_260' title='bbox 1584 2485 1607 2519; x_wconf 82' lang='grc' dir='ltr'><em>ἁ</em></span> <span class='ocrx_word' id='word_1_261' title='bbox 1637 2483 1677 2529; x_wconf 75' lang='grc' dir='ltr'>ἦν</span> 
     </span>
     <span class='ocr_line' id='line_1_32' title="bbox 170 2542 1558 2589; baseline -0.002 -12"><span class='ocrx_word' id='word_1_262' title='bbox 170 2542 366 2589; x_wconf 65' lang='grc' dir='ltr'>εΗφιιίστῳ.</span> <span class='ocrx_word' id='word_1_263' title='bbox 392 2564 437 2568; x_wconf 89' lang='grc'><strong>-</strong></span> <span class='ocrx_word' id='word_1_264' title='bbox 1556 2560 1558 2562; x_wconf 86' lang='grc'><em>·</em></span> 
     </span>
    </p>

    <p class='ocr_par' dir='ltr' id='par_1_18' title="bbox 273 2583 1675 2666">
     <span class='ocr_line' id='line_1_33' title="bbox 273 2583 1675 2666; baseline -0.001 -27"><span class='ocrx_word' id='word_1_265' title='bbox 273 2606 309 2645; x_wconf 85' lang='lat'>..)</span> <span class='ocrx_word' id='word_1_266' title='bbox 333 2603 437 2638; x_wconf 88' lang='lat' dir='ltr'>Haec</span> <span class='ocrx_word' id='word_1_267' title='bbox 454 2602 554 2638; x_wconf 77' lang='lat' dir='ltr'>bona</span> <span class='ocrx_word' id='word_1_268' title='bbox 572 2600 786 2637; x_wconf 84' lang='lat' dir='ltr'>observatio</span> <span class='ocrx_word' id='word_1_269' title='bbox 801 2601 886 2641; x_wconf 85' lang='lat' dir='ltr'>Itali</span> <span class='ocrx_word' id='word_1_270' title='bbox 911 2603 965 2636; x_wconf 86' lang='lat' dir='ltr'>est</span> <span class='ocrx_word' id='word_1_271' title='bbox 988 2600 1220 2646; x_wconf 84' lang='lat' dir='ltr'>interpretis,</span> <span class='ocrx_word' id='word_1_272' title='bbox 1242 2601 1418 2666; x_wconf 83' lang='lat' dir='ltr'>Andreae</span> <span class='ocrx_word' id='word_1_273' title='bbox 1435 2601 1483 2638; x_wconf 86' lang='lat' dir='ltr'>de</span> <span class='ocrx_word' id='word_1_274' title='bbox 1496 2583 1641 2638; x_wconf 41' lang='lat'><strong>³056,</strong></span> <span class='ocrx_word' id='word_1_275' title='bbox 1669 2607 1675 2616; x_wconf 82' lang='lat'><strong>¹</strong></span> 
     </span>
    </p>

    <p class='ocr_par' dir='ltr' id='par_1_19' title="bbox 274 2651 1273 2707">
     <span class='ocr_line' id='line_1_34' title="bbox 274 2651 1273 2707; baseline -0.003 -12"><span class='ocrx_word' id='word_1_276' title='bbox 274 2661 308 2705; x_wconf 88' lang='lat'>3)</span> <span class='ocrx_word' id='word_1_277' title='bbox 334 2651 434 2694; x_wconf 75' lang='lat' dir='ltr'>Elite</span> <span class='ocrx_word' id='word_1_278' title='bbox 462 2658 751 2707; x_wconf 82' lang='lat' dir='ltr'>Ceramograpb.</span> <span class='ocrx_word' id='word_1_279' title='bbox 778 2660 867 2694; x_wconf 80' lang='lat' dir='ltr'>tom</span> <span class='ocrx_word' id='word_1_280' title='bbox 893 2658 921 2693; x_wconf 94' lang='grc' dir='ltr'>Ι.</span> <span class='ocrx_word' id='word_1_281' title='bbox 946 2669 1008 2705; x_wconf 83' lang='lat' dir='ltr'>pg.</span> <span class='ocrx_word' id='word_1_282' title='bbox 1036 2658 1109 2692; x_wconf 90' lang='lat'>105</span> <span class='ocrx_word' id='word_1_283' title='bbox 1127 2668 1204 2703; x_wconf 87' lang='lat' dir='ltr'>sqq.</span> <span class='ocrx_word' id='word_1_284' title='bbox 1229 2676 1273 2681; x_wconf 92' lang='lat'><strong>—</strong></span> 
     </span>
    </p>
   </div>
  </div>
 </body>
</html>
