1920 3216
206 279 363 336 quibus
408 283 532 322 certa
572 280 789 334 quaedam
838 280 1063 336 schemata
1107 281 1205 336 pari
1249 279 1376 323 modo
1426 280 1546 335 picta
1592 284 1706 323 sunt.

206 354 451 399 schematis
493 354 588 410 ejus
635 353 751 410 quod
790 358 858 398 est
901 368 1129 400 commune
1171 358 1377 411 quattuor
1415 354 1530 399 vasis
1572 354 1707 411 nigris

204 427 356 484 figuris
379 430 543 472 ornatis
574 429 652 485 (B,
684 428 736 486 C,
767 428 830 485 Ι),
861 429 962 486 ΒΒ)
993 435 1127 486 atque
1149 430 1316 474 duobus
1345 430 1489 473 rubris
1519 429 1609 473 stili
1638 443 1709 473 se-·

204 504 384 547 verioris
417 503 477 557 (Ι,
498 504 560 556 Κ)
592 509 635 547 et
665 508 829 558 septem
851 504 994 547 rubris
1016 505 1104 547 stili
1124 506 1339 548 liberioris
1370 506 1450 561 (L,
1471 505 1535 561 M,
1558 505 1622 560 N,
1645 504 1704 559 0,

203 578 262 634 Ρ,
294 577 344 636 S,
377 577 472 639 (Ν)
504 577 656 633 figuris
687 578 854 622 ornatis
891 592 1025 635 supra
1055 579 1141 623 feci
1169 572 1452 624 mentionem:
1492 583 1560 624 est
1590 578 1704 623 enim

205 654 401 696 Bacchus
432 653 563 708 longa
593 655 713 696 veste
746 653 927 696 indutus
959 658 1004 696 et
1035 658 1201 697 attente
1238 655 1475 709 respiciens
1503 652 1569 697 'ad
1602 655 1703 697 Vul-

205 742 379 782 canum,
421 727 496 785 qui
527 727 821 784 subsequitur.
892 726 1019 772 Aliud
1059 732 1208 774 autem
1238 728 1416 773 schema
1451 728 1520 773 vel
1559 729 1718 787 potius

202 803 442 859 figurarum
474 804 729 859 compositio
760 804 977 859 quaedam
1017 805 1382 860 („Gruppirung“)
1418 805 1464 847 in
1495 809 1703 861 quattuor

202 875 387 933 picturis
426 879 561 921 rubro
602 879 747 921 colore
776 879 823 920 in
853 879 1040 921 vasculis
1081 879 1311 922 delineatis
1341 878 1423 934 (Η,
1455 879 1519 935 N,
1551 879 1606 936 0,
1640 880 1700 936 P)

204 952 365 996 mirum
408 953 452 997 in
496 952 674 997 modum
717 952 855 997 simile
902 956 990 1005 est;
1037 957 1351 1010 componuntur
1395 953 1509 997 enim
1549 952 1593 996 in
1636 953 1704 998 his

203 1028 389 1071 vasculis
421 1029 597 1071 omnino
628 1029 726 1082 pari
758 1022 906 1071 inodo:

323 1102 368 1160 1)
400 1103 620 1147 Vulcanus
651 1102 887 1148 hederatus
921 1103 966 1146 in
1006 1102 1121 1146 mulo
1163 1101 1230 1146 vel
1260 1102 1383 1146 asino
1420 1102 1699 1160 ithyphallico

400 1179 556 1221 sedens
590 1201 640 1207 —
1377 1188 1380 1190 ’

320 1257 365 1303 2)
390 1243 594 1296 *Bacchus
634 1252 771 1309 longis
808 1252 1015 1296 cincinnis
1051 1257 1095 1296 et
1134 1252 1300 1296 hedera
1337 1255 1538 1305 ornatus,
1578 1252 1700 1296 illum

400 1328 681 1384 praecedens,
712 1328 769 1370 ad
801 1342 928 1383 quem
950 1332 1117 1370 attente
1139 1328 1330 1382 respicit,
1360 1342 1494 1370 manu
1524 1329 1702 1371 sinistra

402 1403 601 1458 thyrsum
634 1403 892 1448 cantharum
924 1403 1107 1446 dextera
1135 1407 1288 1446 tenens
1320 1428 1373 1435 --

320 1479 364 1532 3)
398 1477 578 1535 Satyrus
608 1478 820 1522 barbatus
851 1482 927 1520 aut
957 1478 1087 1520 tibias
1118 1481 1195 1519 aut
1223 1477 1361 1532 lyram
1391 1480 1557 1520 tenens.

201 1552 325 1594 Aliae
356 1552 525 1608 figurae
556 1554 600 1595 in
630 1552 751 1596 nulla
781 1553 933 1596 harum
957 1553 1219 1607 picturarum
1251 1551 1329 1607 (M,
1361 1551 1419 1606 N,
1452 1550 1504 1606 0,
1537 1552 1596 1606 P)
1627 1551 1699 1595 ad-

196 1627 376 1681 junctae
407 1632 518 1671 sunt.
581 1628 677 1680 Qua
707 1627 1036 1683 compositionis
1068 1628 1313 1670 constantia
1334 1640 1620 1675 commoveor,
1652 1631 1702 1669 ut

202 1707 350 1757 putem
381 1717 587 1758 magnum
619 1703 843 1759 exemplar
873 1703 1063 1758 pictores
1090 1702 1246 1745 horum
1274 1715 1479 1744 vasorum
1512 1702 1700 1756 exscrip—

204 1777 325 1819 sisse.
389 1777 646 1833 Superficies
687 1778 800 1820 enim
838 1791 1021 1833 magnae
1051 1781 1184 1832 atque
1220 1778 1339 1820 latae
1372 1782 1496 1819 sunt:
1535 1777 1699 1832 pictum

203 1857 269 1895 est
299 1853 343 1896 Μ
386 1854 431 1896 in
469 1854 651 1905 stamni,
689 1853 732 1898 N
767 1854 813 1897 in
844 1854 1048 1907 crateris,
1089 1853 1130 1897 P
1167 1853 1210 1895 in
1242 1853 1426 1896 crateris
1465 1853 1649 1908 (cotyles
1659 1854 1699 1907 2³)

203 1926 365 1982 latere3
396 1927 561 1971 vasculi
592 1925 629 1972 0
660 1926 802 1971 forma
830 1931 937 1972 nota
965 1941 1051 1971 non
1085 1931 1168 1981 est,
1209 1930 1404 1971 attamen
1444 1926 1696 1984 superficies

201 2018 343 2056 aequa
371 2003 463 2044 fere
496 2008 540 2044 et
568 2004 702 2057 plana
721 2003 892 2045 videtur
913 1996 1058 2045 fuisse.
1122 2003 1365 2044 Vascularii
1396 2003 1533 2057 igitur
1564 2004 1694 2049 nullis

203 2077 365 2121 vasculi
386 2077 552 2121 formae
572 2078 784 2133 augustiis
801 2077 978 2121 coerciti
998 2081 1136 2129 erant,
1158 2078 1221 2120 ita
1242 2081 1292 2120 ut
1314 2076 1697 2133 megalographiae

202 2167 312 2208 opus
335 2154 402 2195 vel
422 2153 664 2209 figurarum
685 2153 1040 2208 compositionem
1071 2153 1340 2209 (‚,Gruppe“)
1373 2152 1467 2207 ejus
1495 2156 1696 2194 accurate

201 2227 366 2270 imitari
396 2232 577 2283 possent
608 2234 653 2271 et
683 2242 779 2271 eam
815 2227 991 2282 quidem
1031 2241 1216 2283 magnae
1247 2227 1443 2282 picturae
1487 2228 1696 2283 composi-

204 2301 364 2346 tionem
385 2301 626 2359 figurarum
649 2303 955 2360 primariamm
978 2302 1066 2357 (die
1081 2302 1414 2359 Hauptgruppe)
1433 2316 1695 2360 recognosco

199 2377 243 2419 in
276 2377 344 2420 his
375 2382 586 2433 quattuor
615 2378 798 2434 picturis
830 2378 1013 2422 vasariis
1044 2377 1121 2434 (Μ,
1153 2377 1211 2432 N,
1244 2377 1296 2432 0,
1327 2377 1400 2434 P).
1460 2379 1596 2435 Atqui
1621 2379 1697 2422 rei

201 2454 427 2510 conceptio
461 2454 497 2497 si
529 2468 615 2496 non
647 2453 789 2510 gravis
822 2458 867 2497 et
898 2458 1051 2498 sancta
1081 2459 1202 2498 certe
1234 2468 1388 2498 severa
1424 2469 1564 2510 neque
1604 2454 1694 2498 ullo

200 2528 328 2570 modo
358 2528 541 2572 ridenda
577 2543 720 2585 neque
758 2530 945 2583 comica;
986 2530 1157 2586 pictura
1198 2544 1301 2586 ergo
1336 2530 1414 2574 illa
1444 2545 1557 2586 quae
1599 2536 1696 2575 erat

199 2603 383 2646 Athenis
414 2604 457 2645 in
491 2603 653 2661 templo
674 2603 833 2647 Bacchi
866 2605 1087 2661 exemplar
1118 2604 1252 2658 fuisse
1283 2609 1439 2662 potest.
1500 2606 1694 2657 Quod'si

200 2680 502 2733 statuerimus,
539 2694 619 2737 pro
652 2679 882 2737 exscriptis
915 2695 967 2724 ex
998 2680 1152 2725 tabula
1181 2681 1412 2725 habendae
1441 2686 1544 2725 sunt
1581 2682 1692 2725 duae
