1920 3216
812 168 1063 208 --8-

185 273 308 338 αὐτῇ1
337 277 416 322 τὸν
455 277 836 338 ἡφαιστότευκτον
876 273 1098 338 α’μφορέα.
1147 275 1173 336 ἡ
1213 277 1264 322 δὲ
1299 281 1363 336 τῷ
1409 276 1542 323 παιδὶ
1582 277 1675 333 ἔχα-

183 351 363 408 ρίσατο,
403 350 530 404 ὅπως
558 351 672 407 μετὰ
710 353 914 396 θάνατον
954 350 1001 396 ἐν
1037 348 1159 411 αὐτῷ
1200 347 1340 396 αι’»τοῦ
1381 354 1595 412 ἀποτεθῇ
1624 352 1676 395 τὰ

185 422 312 472 ὀστᾶ.
373 424 544 487 ἱστορεῖ
572 424 857 487 Στησίχορος.
920 429 1163 481 Amicitiam
1201 443 1400 485 magnam
1431 429 1546 472 inter
1578 427 1677 471 Vul-

185 515 341 545 canum
380 506 425 545 et
454 501 671 546 Bacchum
710 500 845 545 fuisse
882 502 965 545 hac
1007 516 1060 545 ex
1099 502 1380 546 adnotatione
1413 502 1673 546 scholiastae

185 578 401 633 sequitur,
438 577 587 621 fabula
624 577 891 619 reductionis
931 577 1029 633 ipsa
1057 592 1143 620 non
1174 577 1367 621 affertur.
1428 578 1579 621 Paullo
1606 593 1677 621 au·

183 656 270 695 tem
302 652 393 696 veri
424 654 493 696 est
522 650 704 695 similius
736 649 1022 695 Pindarum
1065 654 1280 697 tractasse
1311 651 1504 697 fabulam
1533 652 1675 705 istam,

184 732 318 785 atque
348 727 432 771 hoc
463 742 517 772 ea
547 726 600 772 de
631 740 776 781 causa,
809 726 926 783 quod
957 727 1115 771 Phdtio
1147 731 1190 771 et
1215 726 1393 784 Suida1)
1427 728 1677 773 auctoribus

183 803 474 859 comperimus
504 808 677 859 poetam
708 801 831 845 illum
862 800 1057 845 fabulam
1077 802 1260 847 Junonis
1291 818 1318 848 a
1347 803 1436 848 filio
1467 804 1675 860 religatae

185 878 382 922 versibus
420 882 697 934 persecutum
741 891 849 920 esse.
912 877 1119 921 Fortasse
1162 878 1280 922 illam
1312 878 1489 923 fabulae
1520 879 1679 922 versio-

185 966 283 995 nem
315 952 578 1009 protulerat,
619 965 673 993 ex
711 965 799 1006 qua
830 965 915 995 non
947 951 1151 1009 «Iuppiter
1184 952 1260 996 sed
1290 953 1404 996 Juno
1436 952 1677 996 Vulcanum

183 1028 240 1071 ab
274 1027 457 1084 Olympo
497 1032 643 1071 monte
680 1027 941 1072 detruserat.
1005 1029 1129 1073 Fieri.
1150 1029 1263 1072 enim
1295 1029 1458 1086 potuit,
1502 1033 1551 1072 ut
1580 1028 1679 1071 Pin-

186 1103 321 1147 darus
353 1102 520 1146 diceret
548 1106 727 1159 propter
758 1101 1118 1147 claudicationem
1149 1103 1285 1147 filium
1317 1104 1373 1148 ab
1402 1102 1573 1146 Junone
1604 1103 1677 1147 de-

180 1180 346 1235 jectum
369 1193 476 1231 esse,
508 1177 711 1221 claudum
743 1181 890 1221 autem
922 1182 1055 1235 atque
1077 1178 1262 1223 debilem
1283 1194 1381 1223 eum
1403 1178 1536 1222 fuisse
1559 1179 1677 1235 quod

180 1255 295 1299 Juno
332 1254 428 1298 sola
456 1253 563 1297 Jove
608 1259 755 1310 spreto
786 1252 921 1297 filium
951 1258 1247 1310 procreasset,
1292 1254 1549 1311 praesertim
1581 1269 1676 1297 cum

182 1329 309 1384 illud,
348 1329 465 1385 quod
502 1327 805 1378 Plutarchus²)
849 1327 902 1370 de
942 1328 1133 1371 Pindaro
1176 1328 1356 1372 tradidit
1399 1329 1482 1371 huc
1523 1329 1677 1372 referri

184 1404 343 1461 possit3
391 1405 465 1461 qui
498 1404 605 1447 dicit
635 1403 868 1447 secundum
901 1403 1137 1448 Pindarum
1159 1404 1375 1448 Junonem
1406 1402 1541 1446 filium
1575 1403 1681 1448 ἄνευ

180 1477 379 1539 χαρίτων
419 1479 653 1536 peperisse.
714 1477 893 1522 Pindari
931 1482 1079 1522 autem
1112 1478 1373 1522 Plutarchus
1414 1479 1677 1522 mentionem

183 1554 309 1609 facit,
348 1558 398 1598 ut
428 1555 698 1599 demonstret
727 1568 876 1597 vocem
904 1552 1085 1612 χάριτες
1115 1554 1314 1610 usurpari
1346 1568 1397 1597 eo
1432 1568 1561 1596 sensu
1593 1568 1678 1609 quo

183 1617 343 1675 amoris
382 1630 529 1686 gratia
561 1629 969 1686 („Liebesgunst“).
1031 1628 1232 1672 Ceterum
1273 1633 1421 1672 utrum
1463 1627 1678 1672 Pindarus

184 1706 325 1759 magis
357 1705 641 1749 celebraverit
674 1704 927 1757 Vulcanum,
959 1706 1032 1759 qui
1054 1709 1238 1747 matrem
1268 1704 1489 1756 vinxisset,
1520 1718 1575 1746 an
1605 1704 1680 1745 Ju-

181 1795 357 1834 nonem,
402 1794 514 1837 quae
553 1795 580 1823 a
618 1779 735 1824 nullo
776 1780 860 1823 nisi
897 1778 954 1823 ab
991 1779 1086 1836 ejus
1120 1777 1209 1822 filio
1252 1777 1405 1822 vinciri
1449 1777 1675 1835 potuisset,

186 1855 305 1898 nullo
337 1855 465 1899 modo
498 1855 719 1912 explorari
749 1858 907 1911 potest.
941 1877 994 1885 —-

299 1950 400 1994 Jam
431 1949 485 1993 de
516 1948 697 2006 poetis
729 1947 1001 1992 scaenicis
1034 1961 1214 2004 expono.

298 2024 358 2068 Ut
377 2028 619 2080 temporum
636 2023 832 2066 ordinem
849 2036 1078 2072 servemus,
1101 2022 1393 2065 Siculorum
1415 2021 1680 2064 comoedia

181 2101 325 2155 priore
355 2100 452 2143 loco
483 2097 708 2142 afferenda
740 2103 826 2149 est,
856 2098 996 2141 altero
1027 2096 1121 2141 loco
1153 2096 1679 2141 drama‘Atticorum

274 2298 308 2339 1)
334 2307 361 2330 s.
386 2308 409 2330 v
436 2293 553 2340 Ἴίρας
569 2294 606 2328 δὲ
623 2294 776 2338 δεσμοὺς
798 2291 868 2327 ὑπὸ
895 2294 967 2326 υἶέο
1002 2291 1158 2326 Πλάτων
1182 2293 1372 2330 Πολιτείας
1391 2291 1429 2336 β’
1456 2293 1548 2327 οὕτω
1564 2291 1677 2338 γραπ-

178 2356 258 2387 τέον
293 2353 391 2398 παρὰ
429 2352 599 2398 Πινδάρῳ
635 2352 706 2397 γὰρ
744 2349 814 2385 ὑπὸ
845 2350 1047 2396 Ἡφαίστου
1080 2349 1282 2395 δεσμεύεται
1313 2353 1348 2384 ἐν
1381 2352 1430 2396 τῷ
1464 2349 1531 2385 ὑπ’
1565 2351 1678 2386 αὐτοῦ

177 2412 505 2446 κατασκετασθέντι
543 2409 684 2456 θρόνῳ·
726 2408 747 2443 ὃ
779 2421 868 2448 τινες
898 2404 1130 2454 ἀγνοήσαντες
1164 2408 1361 2456 γράφουσιν
1392 2406 1461 2444 ὑπὸ
1492 2409 1582 2448 Διός
1619 2412 1681 2444 καί

177 2481 265 2515 φασι
296 2469 453 2512 δεθῆναι
478 2464 591 2510 αὐτήν
615 2466 910 2511 επιβουλείσασαν
927 2466 1107 2513 ἹΙρακλεῖ.
1158 2466 1365 2514 Κλήμεντος
1388 2465 1407 2512 ἡ
1432 2459 1586 2514 ceropta-
1619 2469 1678 2502 καὶ

177 2526 262 2573 παρ’
288 2522 491 2571 Ἐπιχάρμῳ
516 2528 551 2559 ἐν
580 2529 792 2571 Κωμασταῖς
817 2521 1048 2570 ὄχ’Ἠφαίστῳ.
1076 2545 1121 2550 -—

270 2584 308 2628 2)
323 2584 539 2619 Amatorius
551 2595 613 2629 pg.
628 2583 693 2619 571
707 2584 733 2617 C
748 2583 809 2628 (cf.
823 2583 1011 2624 Duebner,
1026 2583 1119 2618 Plut.
1131 2583 1291 2618 Moralia
1302 2587 1391 2618 tom.
1405 2582 1467 2628 ΙΙ.)
1484 2582 1600 2629 Χάρις
1612 2582 1678 2629 γὰρ

177 2637 250 2683 οὖν,
264 2636 289 2675 ὦ
300 2645 405 2686 Hem
415 2639 572 2685 ιῖγενες,ἧ·
589 2641 652 2675 τοῦ
670 2638 797 2685 θήλεος
814 2639 942 2679 ὕπειξις
956 2639 1002 2685 τῷ
1014 2638 1131 2688 ἄρρενι
1145 2641 1307 2684 κέκληται
1324 2639 1410 2685 πρὸς
1421 2640 1490 2675 τῶν
1504 2642 1676 2676 παλαιῶν·

177 2699 227 2737 ὥς
252 2700 310 2732 καὶ
327 2700 507 2743 Πίνδαρος
524 2702 590 2742 ἔφη
609 2699 670 2732 τὸν
699 2702 887 2743 Ηφαιστον
907 2699 988 2732 ἄνευ
1001 2700 1154 2744 χαρίτων
1171 2701 1206 2732 ἐκ
1232 2699 1295 2741 τῆς
1305 2698 1420 2744 Ἵ-Ιρας
1435 2701 1612 2742 γενέσθαι.
1642 2721 1676 2724 -
