1920 3216
795 131 1086 174 -18—

194 246 231 289 si
260 250 494 302 praeterea
530 248 744 292 rationem
785 246 997 291 habemus
1035 261 1204 300 eorum,
1245 260 1358 302 quae
1395 246 1688 291 Overbeckius

191 321 391 377 protulit,
434 321 682 366 tabularum
719 322 919 378 picturae
958 321 1150 366 secundo
1193 320 1261 365 vel
1298 321 1439 378 primo
1478 321 1687 365 decennio

191 399 337 452 quarti
371 399 534 442 saeculi
565 414 602 442 a.
635 397 711 441 Ch.
740 413 781 441 n.
811 397 1067 440 tribuendae
1098 401 1208 443 sunt,
1238 423 1294 429 —-

308 473 407 517 Jam
440 473 736 517 reductionem
771 471 909 516 solam
941 474 1315 530 repraesentatam
1351 471 1486 516 fuisse
1524 486 1548 516 e
1578 471 1689 517 Pau-

190 550 340 591 saniae
372 549 512 591 verbis
544 552 587 591 et
618 563 641 591 e
672 548 924 591 tabularum
957 548 1241 604 responsione
1273 548 1428 591 elucet.
1485 550 1688 590 Attamen

192 623 434 667 Pausanias
457 638 544 667 non
572 623 689 677 dicit,
710 623 1026 678 imposueritne
1050 622 1247 667 Bacchus
1270 622 1511 667 Vulcanum
1543 622 1689 676 asin03

192 697 309 752 quod
341 697 447 740 mihi
487 697 663 754 quidem
702 711 959 753 persuasum
992 703 1077 750 est,
1120 711 1217 741 cum
1248 697 1397 741 Aelius
1434 696 1689 752 Aristides¹)

192 772 387 816 fabulam
428 772 611 816 laudans
649 773 782 816 certis
821 771 965 816 verbis
1007 772 1116 816 asini
1154 772 1417 815 mentionem
1457 772 1602 817 faciat.
1635 797 1684 802 —

193 847 372 890 Ebrium
410 852 556 892 autem
596 848 816 891 Bacchum
854 851 1232 905 repraesentatum
1281 846 1416 891 fuisse
1452 862 1483 891 a
1521 848 1691 891 ratione

191 923 389 978 picturae
434 924 476 966 in
526 923 685 979 templo
737 923 906 979 positae
956 938 1043 979 qua
1090 923 1198 966 deus
1242 923 1334 979 ipse
1385 922 1687 974 celebraretur,

193 999 369 1040 omnino
402 998 621 1043 abhorret.
682 998 845 1042 Contra
877 998 1114 1041 Vulcanum
1155 997 1324 1041 ebrium
1361 997 1496 1041 fuisse
1527 997 1691 1040 Pausa-

190 1071 326 1124 nias²)
373 1073 463 1116 suis
502 1072 645 1116 verbis
684 1073 809 1125 dicit3
847 1073 925 1116 sed
966 1073 1151 1116 hominis
1189 1073 1316 1127 quasi
1353 1072 1498 1116 divino
1536 1071 1690 1116 affiatu

190 1147 362 1190 incitati
386 1147 571 1203 speciem
595 1147 740 1203 potius
762 1146 895 1204 quam
913 1148 1023 1192 ebrii
1037 1148 1293 1204 praebuisse
1312 1147 1491 1191 Vulcani
1507 1145 1688 1203 figuram

194 1222 394 1277 equidem
426 1227 544 1278 puto,
580 1222 754 1279 qualem
786 1223 959 1279 quidem
990 1223 1171 1279 figuram
1202 1223 1246 1266 in
1279 1222 1460 1279 picturis
1498 1221 1689 1274 vasariis,

192 1311 305 1352 quae
337 1298 421 1340 huc
453 1297 685 1341 referenda
716 1303 818 1341 sunt
848 1297 930 1354 (M,
963 1297 1024 1355 N,
1056 1297 1112 1354 0,
1145 1296 1258 1354 P)³)‚
1290 1297 1540 1342 videbimus.
1570 1322 1626 1328 —

309 1372 468 1416 Omnes
500 1377 648 1417 autem
680 1372 855 1417 fabulae
892 1373 1053 1427 fontes,
1091 1373 1286 1430 poeticos
1325 1373 1421 1416 dico
1459 1377 1503 1415 et
1539 1372 1613 1428 qui
1649 1372 1689 1414 in

190 1448 351 1490 artium
370 1449 660 1490 monumentis
677 1448 838 1497 insunt,
860 1448 1050 1503 quinque
1067 1462 1250 1491 scaenas
1266 1448 1497 1502 primarias
1518 1447 1692 1490 fabulae

192 1522 396 1565 videntur
427 1521 692 1565 continuisse

253 1597 294 1651 l)
331 1596 569 1640 Vulcanum
601 1598 645 1640 in
676 1599 845 1641 Naxum
877 1597 1065 1640 insulam
1097 1598 1370 1652 dejectum⁴)‚

251 1673 292 1723 2)
322 1669 538 1715 Junonem
569 1671 811 1728 religatam,

254 1749 297 1800 3)
332 1745 575 1790 Vulcanum
609 1762 708 1791 cum
738 1746 881 1791 Marte
911 1752 1189 1803 pugnantem,

253 1820 300 1877 4)
335 1820 573 1863 Vulcanum
605 1835 632 1862 a
663 1821 837 1863 Baccho
867 1822 912 1864 in
945 1821 1172 1878 Olympum
1205 1821 1442 1875 reductum,

252 1897 296 1951 5)
328 1895 542 1939 Junonem
575 1911 602 1940 a
635 1896 829 1940 Vulcano
861 1896 1061 1940 solutam.

190 2026 252 2066 At
290 2024 339 2066 in
376 2023 603 2078 picturis
651 2024 906 2067 vasariis
955 2024 1089 2067 duae
1131 2027 1334 2067 tantum
1381 2038 1571 2067 scenae
1615 2039 1694 2066 re-

663 2102 1046 2154 praesentatae
1077 2102 1218 2141 sunt:

254 2181 294 2232 l)
328 2179 483 2221 Martis
516 2193 611 2221 cum
644 2179 840 2222 Vulcano
873 2184 1104 2232 certamen,

288 2308 322 2344 1)
348 2317 423 2341 rec.
452 2306 620 2341 Dindorf.
648 2318 710 2352 pg.
737 2308 781 2341 29
814 2309 871 2340 καὶ
898 2306 971 2352 μὴν
1001 2307 1059 2340 καὶ
1091 2306 1156 2349 τὴν
1183 2305 1296 2352 ἾΙραν
1329 2308 1487 2350 λέγουσιν
1519 2305 1565 2344 ὥς
1586 2306 1697 2352 μόνος

190 2364 289 2397 θεῶν
314 2364 363 2407 τῷ
388 2365 452 2395 vm
477 2362 641 2406 διήλλαξε
667 2366 814 2409 κομίσας
842 2364 906 2397 τὸν
924 2363 1122 2410 “inputatur
1146 2362 1278 2398 ἄκοντα
1305 2365 1352 2402 εἷς
1374 2362 1436 2397 τὸν
1460 2363 1614 2408 οὐρανόν
1638 2366 1696 2397 καὶ

190 2420 339 2466 ταῦτάγε
365 2415 518 2460 ἀναθεὶς
541 2420 617 2465 ὄνῳ.
646 2443 692 2446 ——

283 2483 322 2522 2)
352 2480 379 2525 I,
404 2481 463 2524 20,
488 2482 509 2514 2
533 2479 707 2517 Διόνυοος
731 2480 767 2513 δὲ
787 2505 939 2515 .......
965 2480 1130 2525 μεθύσας
1155 2477 1264 2515 αι’τὸν
1288 2483 1322 2519 ἐς
1346 2478 1494 2528 οῧρανὶιν
1513 2481 1632 2526 ἤγαγε.
1655 2501 1693 2504 --ν

285 2538 320 2582 3)
347 2536 392 2572 cf.
418 2537 580 2573 indicem
606 2538 841 2584 picturarum
866 2538 1157 2575 vasculariarum
1182 2538 1245 2584 qui
1270 2538 1521 2585 subsequitur.
1545 2559 1593 2563 —

283 2600 321 2638 4)
347 2595 451 2631 Haec
476 2607 611 2631 scaena
635 2596 674 2630 in
699 2606 773 2631 uno
801 2598 949 2631 tantum
973 2599 1217 2632 monumento
1241 2599 1390 2632 servato
1413 2599 1696 2642 repraesentata

191 2656 258 2697 est,
283 2653 322 2687 in
348 2653 564 2698 anaglypho
583 2652 817 2687 Berolinensi
843 2652 890 2688 cf.
917 2652 1099 2697 Gerhard,
1125 2653 1213 2688 Ant.
1232 2653 1445 2689 Bildwerke
1463 2653 1492 2698 1,
1518 2653 1575 2688 sl.
1594 2655 1626 2688 6.
1651 2672 1697 2677 ——
