1920 3216
787 158 1073 199 -41,-.

186 282 292 314 vasa
326 256 470 314 rubris
505 269 659 326 figuris
695 269 923 315 severioris
953 265 1044 313 stili
1071 258 1231 316 ornata
1261 268 1325 325 (Ι,
1348 268 1420 327 K)
1451 269 1670 313 fabrorum
1704 260 1707 263 ’

186 343 315 387 deum
362 344 585 388 evidenter
630 330 883 402 expressum
926 344 1138 400 praebent
1181 343 1400 396 exomffle,
1439 343 1675 400 chlamyde,

186 419 301 474 pileo
332 421 462 476 capiti
493 423 605 464 arte·
620 419 874 464 adhaerenti
905 406 956 463 et-
981 424 1218 475 praeterea'
1250 418 1356 464 folle
1387 419 1674 475 designatum.

186 493 350 554 Contra
380 494 544 538 Bacchi
588 498 723 550 typus.
756 495 946 537 omnium
983 508 1183 537 vasorum
1222 494 1308 537 huc
1345 493 1672 537 referendorum

187 568 327 624 plane.
344 568 565 624 congruit:
597 568 796 612 Bacchus
826 573 893 612 est
921 568 1150 620 barbatus,
1187 568 1330 623 longis
1361 568 1568 612 cincinnis
1600 582 1670 611 or-

184 648 325 695 natus,
354 643 591 686 hederatus
624 644 841 699 (exceptis
860 644 905 699 Ι,
925 643 989 698 Κ)
1019 629 1065 685 61
1083 643 1212 697 longo
1244 642 1417 686 chitone
1446 642 1579 685 talari
1609 643 1673 685 in-

125 714 128 717 ’
186 707 330 763 dutus.
373 743 423 751 -
469 717 707 770 Praeterea
748 717 936 762 animum
979 716 1181 761 intendas
1226 716 1355 760 velim
1399 717 1457 761 ad
1500 717 1676 761 schema

184 793 300 849 quod
334 793 429 849 jam
463 793 516 836 =in
560 793 675 835 vasis
719 793 1118 848 antiquissimorum
1164 796 1406 847 temporum
1456 793 1673 835 invenitur

185 882 325 924 neque
366 868 506 919 minus
537 868 589 914 ,111
618 868 733 911 vasis
771 866 983 914 liberioris
1016 865 1104 909 stili
1130 865 1214 924 (L,
1243 865 1308 922 M,
1338 866 1402 923 N,
1436 864 1492 923 0,
1524 866 1590 921 Ρ,
1619 865 1669 923 S,

182 942 302 1002 (ζῷς
333 943 531 986 Bacchus
561 946 729 995 attente
759 941 994 997 respiciens
1024 940 1082 984 ad
1113 941 1371 991 Vulcanum,
1410 950 1544 996 quem*
1577 942 1672 997 ipse

184 1020 262 1060 aut
291 1016 473 1073 Satyrus
504 1031 633 1061 manu
663 1016 783 1060 ducit
812 1015 891 1073 (Β,
923 1014 977 1070 C,
1008 1014 1069 1070 Ι),
1101 1014 1147 1069 Ι,
1178 1015 1238 1070 Κ,
1271 1015 1346 1072 L).
1382 1041 1430 1046 —-

182 1150 234 1193 ΙΙ.
296 1134 569 1202 Quatenus
608 1149 827 1204 pictura
872 1148 1113 1192 Athenis
1144 1149 1197 1191 in
1240 1149 1435 1205 templo
1481 1148 1674 1192 Bacchi

182 1218 485 1274 pictoribus
506 1218 832 1261 vasculariis
853 1218 1116 1283 exemplar
1136 1215 1322 1270 fuerit,
1345 1217 1503 1273 exple
1516 1222 1678 1261 ratur

300 1309 401 1353 «Iam
432 1324 564 1366 supra
573 1309 603 1365 ¹)
634 1309 965 1357 commemoravi
986 1309 1225 1354 nonnullas
1249 1309 1560 1366 archaeologos
1590 1309 1678 1352 exi-

185 1384 386 1428 stimasse
407 1398 562 1427 omnes
580 1384 775 1445 picturas
801 1384 1001 1436 ¹vasarias
1028 1385 1074 1427 in
1103 1383 1215 1428 libro
1235 1383 1517 1427 Lenormanti
1548 1387 1594 1431 et
1623 1384 1702 1427 de-

186 1458 333 1506 Wittei
345 1458 376 1515 ²)
432 1458 676 1504 delineatas
725 1459 988 1510 imitationes
1044 1473 1140 1504 esse
1189 1459 1368 1504 tabulae
1424 1460 1468 1502 in
1519 1457 1679 1515 templo

183 1534 345 1579 Bacchi
375 1534 560 1591 positae.
608 1533 757 1586 Quod
790 1534 920 1577 etiam
952 1533 1189 1591 Helbigio³)
1222 1535 1391 1579 videtur
1421 1535 1510 1578 veri
1541 1535 1680 1578 simile

186 1609 468 1665 Prellerum⁴¹>
500 1598 654 1652 secuto·
685 1614 730 1651 et
759 1609 895 1652 haece
926 1609 1059 1652 verba
1088 1608 1282 1652 facienti:
1321 1643 1453 1662 ......
1476 1610 1578 1655 dass
1608 1611 1678 1653 die

188 1684 476 1727 Vasenmaler
492 1683 631 1726 durch
647 1683 715 1726 ein
732 1683 1045 1739 gemeinsames
1061 1683 1259 1739 Original
1275 1688 1484 1740 angeregt
1497 1684 1675 1728 wurden

186 1759 277 1802 und
308 1759 410 1802 dass
442 1758 650 1802 dasselbe
679 1758 780 1802 kein
810 1754 992 1801 anderes
1022 1772 1112 1801 war
1142 1758 1208 1802 als
1238 1759 1318 1801 das
1350 1758 1584 1803 Gemaelde
1620 1761 1679 1802 im

183 1834 641 1892 Dionysos-Tempel.“
702 1834 798 1886 Qua
826 1833 871 1876 in
901 1847 950 1876 re
978 1833 1231 1889 priusquam
1261 1834 1315 1877 de
1347 1834 1527 1891 singulis
1548 1835 1678 1878 rebus

184 1909 323 1954 dicam
344 1909 494 1965 paucis
515 1908 660 1952 verbis
679 1909 724 1951 in
744 1909 993 1952 universum
1010 1923 1237 1965 exponam,
1258 1914 1475 1965 'quatenus
1492 1924 1673 1966 magnas

184 1984 433 2037 tabularum
465 1988 509 2027 et
536 1984 789 2040 parietum⁵)
827 1983 1019 2039 picturas
1057 1984 1213 2028 imitati
1251 1985 1339 2028 sint
1373 1985 1566 2041 pictores
1604 2001 1674 2029 va-

185 2060 300 2104 sarii.
377 2057 471 2111 Qua
515 2060 571 2102 in
623 2074 671 2102 re
723 2060 926 2101 universa
979 2058 1230 2101 etiamnunc
1277 2074 1434 2115 magna
1484 2061 1676 2103 virorum

185 2136 411 2179 doctorum
442 2134 654 2177 dissensio
687 2137 766 2178 est.
826 2133 974 2177 Primo
1005 2132 1102 2176 loco
1138 2134 1399 2177 monendum
1438 2140 1507 2179 est
1536 2151 1675 2191 usque

182 2211 237 2254 ad
281 2210 390 2254 haec
430 2213 627 2266 tempora
663 2208 828 2253 nullum
868 2212 1090 2264 repertum
1128 2222 1224 2251 esse
1263 2209 1508 2265 vasculum,
1551 2212 1674 2267 cujus

277 2339 310 2383 1)
334 2349 398 2385 pg.
424 2339 479 2373 30.
507 2356 548 2362 -

276 2396 311 2442 2)
335 2396 436 2432 Elite
460 2392 828 2440 Ceramographiqu'e
852 2393 880 2428 Ι.
904 2393 955 2438 pl.
979 2395 1119 2430 41—49
1153 2415 1199 2420 --

277 2455 310 2497 3)
336 2452 672 2497 Untersuchungen
689 2451 806 2487 ueber
818 2451 879 2487 die
892 2451 1150 2495 campanische
1164 2452 1445 2489 Wandmalerei
1462 2465 1523 2499 pg.
1537 2455 1613 2489 256.
1631 2474 1675 2478 —

276 2514 313 2556 4)
339 2510 485 2547 Griech.
511 2510 670 2557 Mythol.
697 2511 743 2546 1³.
768 2521 831 2557 pg.
857 2511 935 2547 554.
960 2529 1005 2535 -—

275 2571 313 2613 5)
336 2568 695 2612 Perscrutationem,
710 2591 716 2595 -
733 2571 857 2603 utrum
893 2568 1062 2614 picturae
1098 2568 1136 2602 in
1176 2569 1317 2615 templo
1342 2569 1480 2604 Bacchi
1516 2570 1675 2605 Athenis

184 2617 356 2672 (Pausan.
382 2626 409 2671 I,
435 2629 492 2672 20,
519 2628 556 2669 2)
580 2626 620 2662 in
644 2626 782 2662 tabulis
798 2638 846 2662 an
862 2626 902 2661 in
918 2625 1125 2672 parietibus
1141 2626 1231 2673 ipsis
1252 2626 1376 2673 pictae
1392 2625 1542 2669 fuerint,
1562 2639 1673 2673 supra

182 2697 244 2732 pg.
258 2687 301 2720 16
314 2696 392 2730 sqq.
407 2696 483 2719 non
495 2684 653 2729 institui,
668 2696 751 2719 cum
765 2684 931 2719 viderem
944 2695 1021 2718 rem
1036 2684 1140 2719 nullo
1153 2684 1266 2719 modo
1279 2685 1389 2732 posse
1401 2684 1612 2733 dijudicari.
1627 2704 1677 2714 —-
