1920 3216
821 193 1105 234 —15—

219 306 408 350 maxima
429 322 483 351 ex
502 313 629 364 parte
660 308 897 351 certamina
937 310 1069 363 atque
1101 312 1252 363 raptus
1273 306 1705 364 repraesentantes.¹)

220 382 364 434 Quare
394 384 565 426 omnino
598 383 965 440 comprobandum
996 386 1063 425 est
1093 381 1210 438 quod
1237 381 1572 438 Overbeckius²)
1604 397 1707 426 ana·

219 457 474 513 glyphorum
516 458 942 514 repraesentationes
983 471 1240 501 enumerans
1284 458 1346 500 sic
1382 458 1509 502 dicit:
1563 458 1708 510 „Hera

215 545 295 574 von
336 531 563 588 Hephaest
601 532 807 589 gefesselt
848 532 934 575 und
975 531 1327 575 wahrscheinlich
1367 537 1475 576 Ares
1513 533 1608 575 fuer
1645 534 1706 576 sie

215 607 520 663 kaempfend.“
573 607 644 651 Sic
665 609 776 651 enim
799 622 955 651 novam
988 607 1236 651 certaminis
1258 621 1460 651 scaenam
1482 608 1705 662 habemus,

216 695 328 736 quae
358 679 455 725 cum
487 683 643 725 ceteris
675 683 930 740 anaglyphis
964 685 1186 738 congruat,
1218 696 1330 738 quae
1360 687 1588 737 praeterea
1617 696 1704 725 non

215 756 354 799 solum
384 758 427 799 in
458 757 611 801 fabula
640 762 858 809 narratur,
889 757 968 801 sed
999 757 1129 801 etiam
1162 771 1188 799 a
1208 757 1425 801 Pausania
1451 757 1705 813 designatur

214 829 379 873 verbis:
416 829 472 874 τὰ
510 830 725 889 λεγόμενα
755 829 801 883 ἐς
820 828 980 890 (Ἠραν.
1022 856 1071 863 -
1115 831 1260 874 Haece
1298 831 1382 874 duo
1422 845 1556 888 opera
1594 834 1703 876 artis

215 905 442 949 archaicae
470 906 662 950 fortasse
691 922 777 950 uno
800 913 846 950 et
866 907 1017 950 eodem
1038 911 1242 961 tempore,
1276 907 1391 949 circa
1412 907 1701 962 olympiadem

212 965 300 1022 LX.
338 980 458 1025 facta
496 985 610 1024 sunt.
678 981 841 1025 Contra
876 981 921 1023 in
961 980 1137 1023 dubium
1177 985 1378 1024 vocatum
1421 986 1488 1024 est
1523 986 1701 1037 tempus,

211 1068 296 1110 quo
335 1069 445 1110 opus
483 1055 682 1100 effectum
727 1058 783 1100 sit
817 1056 944 1109 illud,
985 1055 1101 1111 quod
1139 1056 1268 1099 tertio
1300 1055 1394 1100 loco
1432 1056 1699 1100 afferendum

212 1133 300 1172 est:
331 1130 541 1186 pictura
570 1131 621 1174 in
651 1132 949 1175 vetustiore
971 1130 1174 1174 Bacchi
1195 1130 1389 1186 templo
1411 1130 1701 1174 Athenien-

212 1204 363 1247 sium.
424 1205 697 1250 Picturarum
728 1208 773 1249 in
802 1206 885 1249 hoc
915 1206 1079 1261 templo
1120 1206 1364 1261 positarum
1402 1211 1700 1260 repraesenta-

213 1279 351 1321 tiones
393 1280 711 1335 periegetarum
736 1293 868 1324 ·1nore
909 1282 1059 1336 paucis
1098 1284 1265 1322 tantum
1313 1279 1456 1322 verbis
1495 1280 1702 1323 describit

212 1351 460 1396 Pausanias.
521 1355 617 1409 Qui,
648 1360 876 1410 postquam
908 1370 962 1398 ex
991 1359 1200 1411 prytaneo
1231 1368 1309 1408 per
1336 1354 1555 1409 tripodum
1587 1355 1700 1396 viam

211 1441 349 1482 usque
390 1428 444 1471 ad
491 1430 704 1472 theatrum
751 1430 962 1486 pervenit,
1007 1427 1179 1485 dicit³):
1253 1429 1346 1469 Τοῦ
1389 1427 1614 1472 Διονύσου
1651 1429 1702 1471 δέ

210 1499 303 1545 ἐστι
333 1501 454 1562 πρὸς
483 1494 547 1561 τῷ
575 1503 759 1563 θεάτρῳ
790 1504 841 1547 ‘co‘
874 1498 1176 1560 ἀρχαιότατον
1208 1500 1342 1560 ἱερόν.
1381 1500 1462 1544 δύο
1503 1502 1555 1545 δέ
1589 1499 1701 1546 εἰσιν

209 1574 328 1627 ἐντὸς
357 1578 439 1622 τοῦ
470 1575 721 1637 περιβόλου
752 1577 855 1623 ναοὶ
884 1577 962 1621 καὶ
990 1575 1230 1630 Διόνυσοι,
1270 1571 1296 1618 ὅ
1335 1591 1383 1619 τε
1409 1570 1701 1636 Ἐλευθερεὺς

208 1650 284 1694 καὶ
315 1645 367 1695 ὃν
390 1647 665 1711 Ἀλκαμένης
695 1651 908 1712 ἐποίησεν
939 1652 1184 1709 ἐλέφαντος
1212 1650 1288 1694 καὶ
1313 1653 1495 1710 χρυσοῦ.
1525 1650 1700 1709 γραφαὶ

208 1725 258 1769 δὲ
289 1721 459 1770 αὐτόθι
493 1725 718 1778 Διόνυσός
758 1726 877 1771 ἐστιν
914 1723 1092 1783 ἀνάγων
1111 1722 1371 1784 “Ἠφαιστον
1411 1725 1457 1778 ἐς
1494 1720 1697 1783 οὐρανόν.

210 1800 410 1856 Λέγεται
448 1800 498 1844 δὲ
534 1800 612 1844 καὶ
646 1799 754 1844 τάδε
790 1799 883 1845 ὑπὸ
910 1799 1148 1857 Ἑλλήνων,
1179 1795 1241 1851 οἷς
1260 1797 1383 1859 “Ὴρα
1414 1797 1555 1858 ῥίψαι
1583 1796 1699 1855 γενό·

203 1890 339 1930 μενον
358 1869 628 1934 ςἩφαιστον,
662 1870 686 1918 ὁ
719 1875 768 1919 δὲ
800 1871 842 1919 οἶ
871 1875 1158 1933 μνησικακῶν
1198 1873 1382 1935 πέμψαι
1421 1873 1568 1931 δῶρον
1600 1887 1698 1930 χρυ-

206 1949 316 1992 σοῦν
344 1947 516 2008 θρόνον
546 1946 736 2008 ἀφανεῖς
765 1945 957 2004 δεσμοὺς
986 1944 1156 2005 ἔχοντα·
1188 1947 1264 1992 καὶ
1292 1947 1372 2006 τὴν
1399 1946 1482 2005 μὲν
1518 1944 1622 1991 ἐπεί
1651 1963 1697 1990 τε·

205 2021 447 2077 ἐκαθέζετο
486 2024 716 2079 δεδέσθαι,
757 2026 879 2067 θεῶν
916 2023 966 2066 δὲ
1004 2026 1092 2066 τῶν
1130 2024 1213 2084 μὲν
1249 2023 1399 2067 ἄλλων
1437 2018 1585 2066 οὐδενὶ
1620 2021 1697 2065 τὸν

194 2093 453 2154 ‘'Hcpacozov
489 2094 670 2142 ἐθέλειν
707 2096 985 2146 πείθεσθαι,
1017 2098 1250 2149 Διόνυσος·
1270 2099 1331 2149 δέ,
1371 2095 1569 2153 μάλιστα
1611 2096 1696 2155 γὰρ

201 2165 249 2221 ἐς
277 2173 436 2216 τοῦτον
467 2171 606 2218 πιστοὶ
639 2166 692 2232 ἧν
717 2169 967 2232 ίΗφαίστῳ,
997 2172 1203 2229 μεθύσας
1245 2168 1381 2218 αὐτὸν
1419 2170 1465 2224 ἐς
1504 2170 1697 2229 οὐρανὸν

297 2324 332 2365 1)
357 2323 462 2359 Paus.
488 2324 553 2370 III,
587 2327 641 2369 18,
675 2327 729 2360 15.
783 2323 924 2362 Κάλαϊς
955 2325 992 2358 δὲ
1021 2325 1080 2357 καὶ
1111 2321 1228 2367 Ζήτης
1262 2323 1325 2361 τοῖς
1354 2322 1526 2370 “Αρπυίας
1566 2324 1696 2359 Φινέως

202 2379 472 2415 ἀπελαύνουσιν.
512 2385 713 2427 Πειρίθους
748 2395 786 2415 τε
823 2383 882 2415 καὶ
921 2381 1056 2425 Θησεὺς
1090 2380 1287 2426 ἡρπακότες
1324 2383 1409 2415 εἰσὶν
1439 2380 1599 2423 Ἑλένην,
1638 2381 1697 2413 καὶ

197 2434 318 2482 α”νχων
344 2437 520 2485 Ἡρακλῆς
548 2437 611 2474 τὸν
639 2441 770 2476 λέοντα.
815 2436 943 2474 Τιτυόν
974 2438 1012 2472 δὲ
1038 2434 1218 2473 Ἀπόλλων
1254 2437 1388 2477 τοξεύει
1425 2440 1482 2472 καὶ
1513 2436 1695 2484 Ἀρτιμις.

188 2494 411 2540 “Ἠρακλεόυς
441 2501 480 2531 τὲ
509 2510 594 2543 προς
619 2495 755 2544 ”Opaon
785 2501 990 2544 Κένταυρον
1019 2497 1113 2543 μάχη
1138 2499 1329 2540 πεποίηται
1362 2499 1420 2531 καὶ
1447 2499 1584 2541 Θησέως
1607 2498 1694 2541 πρὸς

207 2555 346 2601 Ταῦρον
369 2554 432 2589 τὸν
453 2557 569 2589 Μίνω.
596 2557 783 2600 πεποίηται
813 2557 871 2591 καὶ
893 2555 915 2599 ἦ
939 2554 1026 2603 πρὸς
1051 2551 1230 2599 Ἀχελῷον
1254 2553 1468 2602 Ἠρακλέους
1496 2553 1603 2598 πάλη,
1637 2555 1695 2588 καὶ

202 2613 247 2645 τὰ
271 2612 440 2658 λεγόμενα
462 2616 498 2652 ἐς
513 2612 625 2660 Ἦραν
648 2619 722 2649 κτλ..
748 2636 793 2641 —

293 2674 331 2715 2)
356 2672 380 2708 l.
407 2685 438 2709 c.
464 2685 525 2720 pg.
551 2676 607 2710 84.
632 2695 677 2700 -

293 2733 331 2777 3)
356 2732 385 2773 I,
412 2735 469 2776 20,
494 2736 526 2768 2.
550 2753 595 2758 -—
