1920 3216
819 209 1108 248 -25—

391 321 488 363 cani
518 321 561 364 in
593 323 676 364 vet.
707 322 791 364 art.
824 335 934 364 mon.
966 320 1106 376 figura
1136 334 1205 376 pg.
1240 324 1294 363 20
1326 320 1579 375 („amphora
1618 324 1704 376 tyr—

387 395 622 451 1·henica“).
658 421 709 428 —

266 511 320 553 11.
381 511 630 553 Picturae
659 510 909 558 vasariae
940 511 1097 556 rubro
1130 510 1316 554 colore
1348 510 1652 554 distinctae.

220 602 313 647 00.
391 602 624 645 vasculum
666 602 808 645 adhuc
848 602 1077 654 ineditum,
1126 602 1239 658 quod
1283 602 1358 645 ubi
1397 607 1615 658 repertum
1653 604 1710 645 sit

388 692 473 720 non
505 681 678 721 constat
710 677 896 733 (pariter
926 678 1066 721 forma
1096 677 1201 720 mihi
1223 678 1403 734 ignota),
1436 693 1550 721 nunc
1571 693 1708 721 asser-

384 760 529 796 vatum
570 754 615 796 in
645 767 793 796 museo
826 753 1074 807 Campanae
1105 752 1175 794 1V.
1209 755 1293 795 870
1325 753 1461 807 (quod
1492 753 1607 795 infra
1639 768 1706 808 pg.

386 831 439 870 27
471 841 534 883 sq.
566 827 870 882 describetur).
903 853 955 858 -—

217 902 316 945 PP.
386 902 591 944 Stamnus
609 902 752 944 adhuc
768 902 971 954 ineditus,
990 901 1127 944 Caere
1141 903 1185 944 in
1206 902 1385 945 Etruria
1401 917 1427 944 a
1445 902 1707 946 Calabresiis

384 976 595 1020 fratribus
617 976 812 1030 effossus,
844 992 968 1034 quem
1000 979 1049 1019 A.
1072 976 1311 1020 Castellani
1335 978 1491 1020 Romae
1513 977 1707 1033 possidet

384 1052 526 1107 (cujus
558 1052 790 1095 delineatio
820 1052 936 1095 infra
964 1065 1059 1107 pag.
1094 1055 1148 1094 28
1180 1065 1242 1106 sq.
1275 1051 1579 1107 describetur).
1612 1075 1666 1082 —-

216 1127 308 1188 (μὶ.
379 1126 598 1182 Amphora
634 1127 841 1181 inedita1)
872 1126 1057 1182 Neapoli
1097 1133 1285 1176 servata,
1330 1141 1417 1182 qua
1455 1128 1499 1169 in
1532 1127 1706 1181 regione

383 1206 560 1256 reperta
590 1202 667 1253 sit,
700 1201 1033 1258 Heydemannus
1064 1200 1294 1255 exquirere
1327 1215 1412 1244 non
1444 1202 1606 1257 potuit,
1653 1201 1704 1244 cf.

382 1277 575 1332 ejusdem
607 1276 701 1320 Cat.
732 1277 843 1319 Mus.
875 1277 977 1320 Naz.
1009 1277 1145 1332 Neap.
1178 1276 1298 1319 Sant.
1331 1278 1438 1331 Ang.
1469 1292 1509 1319 n.
1533 1280 1628 1319 688.
1653 1301 1703 1307 -

214 1351 317 1397 RR.
390 1351 610 1408 Amphora
632 1351 804 1394 Vulceis
826 1356 1000 1407 reperta
1019 1352 1190 1395 Monaci
1214 1356 1458 1403 asservata;
1500 1350 1555 1394 cf.
1576 1351 1703 1404 Jahn,

384 1426 675 1470 Muenehener
701 1426 1051 1482 Vasensammlg.
1082 1441 1121 1469 n.
1155 1430 1250 1469 526.
1283 1451 1337 1457 -

215 1501 296 1547 SS.
387 1504 540 1545 Crater
569 1502 613 1544 in
645 1501 773 1544 Italia
803 1501 1009 1545 inferiore
1040 1505 1252 1556 repertus,
1284 1516 1396 1544 nune
1418 1502 1596 1545 Parisiis
1619 1517 1705 1545 ser-

380 1581 524 1627 vatus,
557 1576 610 1620 cf.
642 1577 696 1619 de
728 1576 881 1629 Witte,
923 1576 1076 1619 Notice
1116 1591 1190 1620 sur
1232 1577 1296 1620 les
1328 1591 1453 1621 vases
1484 1577 1628 1633 peints
1661 1582 1706 1620 et

380 1653 407 1696 a
437 1652 581 1696 reliefs
614 1653 672 1696 du
704 1651 855 1697 Musee
887 1651 1111 1709 Napoleon
1144 1653 1218 1696 111.
1251 1668 1318 1709 pg.
1354 1656 1422 1696 23.
1456 1668 1495 1697 n.
1529 1656 1625 1696 870.
1651 1679 1697 1683 —

328 1729 527 1771 picturae
550 1729 749 1771 vasariae
770 1741 973 1771 scaenam
994 1729 1183 1779 tertiam,
1213 1727 1236 1769 J
1244 1742 1428 1770 unonem
1450 1743 1477 1770 a
1511 1728 1703 1770 Vulcano

212 1804 412 1857 solutam,
443 1807 821 1859 repraesentantes
842 1802 987 1847 nullae
1010 1802 1152 1847 adhuc
1172 1803 1465 1854 innotuerunt,
1496 1804 1698 1859 quoniam

212 1878 431 1920 vasculum
451 1878 568 1921 Antii
589 1882 808 1933 repertum
831 1892 943 1921 nunc
959 1879 1178 1934 Petropoli
1196 1878 1270 1933 (cf.
1290 1878 1512 1933 Stephani,
1535 1879 1701 1920 Vasen·

210 1953 453 2008 sammlung
488 1947 572 1995 ,der
615 1952 785 1997 kaiserl.
818 1953 1065 2009 Eremitage
1096 1969 1137 1995 n.
1172 1958 1272 2008 355)
1306 1959 1547 2005 servatum,
1584 1954 1699 2008 quod

210 2043 235 2070 a
266 2028 359 2070 viro
398 2027 524 2071 docto
555 2028 639 2072 huc
669 2028 854 2071 relatum
887 2032 976 2081 est,
1021 2029 1107 2072 alia
1137 2029 1538 2085 repraesentatione
1570 2043 1698 2071 orna-

209 2108 298 2147 tum
333 2108 409 2147 est.
440 2128 496 2135 —

327 2179 495 2222 Scaena
526 2181 671 2221 autem
703 2178 914 2231 secunda,
953 2179 1051 2236 ipsa
1084 2178 1264 2223 Vulcani
1294 2179 1489 2242 reductio
1520 2179 1565 2221 in
1596 2193 1701 2235 qua·

209 2256 416 2311 draginta
448 2255 617 2297 duobus
648 2255 825 2310 picturis
854 2255 1034 2298 vasariis
1056 2260 1386 2311 repraesentata
1408 2259 1486 2304 est,
1517 2270 1698 2310 quarum

211 2330 322 2373 haud
363 2343 547 2386 paucae,
591 2330 625 2372 si
656 2329 912 2386 respicimus
944 2331 1066 2386 nigro
1100 2331 1244 2375 colore
1275 2330 1521 2383 distinctas,
1563 2343 1701 2384 neque

209 2405 522 2461 compositione
563 2418 703 2460 neque
748 2409 842 2447 arte
883 2405 1089 2461 insignes,
1110 2405 1322 2448 videntur.
1383 2404 1548 2448 Contra
1577 2418 1702 2459 prae-

208 2480 355 2523 clarae
388 2483 489 2523 sunt-
521 2479 756 2522 nonnullae
788 2480 983 2536 picturae
1013 2494 1216 2523 vasorum
1247 2480 1418 2532 rubrae,
1448 2480 1563 2522 inter
1592 2492 1702 2534 quas

306 2616 342 2657 1)
369 2614 658 2658 Heydemannus
694 2613 758 2658 qui
794 2613 893 2648 solus
929 2613 1132 2659 imaginem
1168 2613 1277 2659 hujus
1313 2614 1482 2658 picturae
1523 2611 1702 2657 possidet,

209 2683 308 2715 eam,
333 2674 375 2706 ut
399 2670 639 2717 inspicerem,
671 2670 762 2706 mihi
786 2669 904 2715 misit3
935 2682 1008 2716 qua
1033 2670 1265 2717 benignitate
1287 2673 1496 2706 commotus
1521 2670 1601 2705 viro
1627 2669 1701 2704 cla-

206 2730 354 2765 rissimo
379 2730 516 2774 gratias
539 2729 611 2765 hoc
635 2730 719 2765 loco
744 2740 816 2775 ago
841 2728 1032 2764 maximas.
1062 2749 1107 2753 —
1393 2740 1395 2742 ·
