1920 3216
803 159 1087 198 -42-

195 270 366 325 pictura
395 269 572 313 tabulae
603 274 682 313 aut
712 272 894 326 parietis
916 271 1114 327 picturae
1133 271 1419 314 imitationem
1440 284 1538 314 esse
1563 270 1692 326 plane

195 345 542 389 demonstratum
575 346 645 390 sit.
717 345 839 398 Quae
871 360 970 389 cum
999 346 1065 389 ita
1091 346 1182 389 sint
1211 346 1351 390 omnis
1382 346 1528 389 cautio
1562 344 1690 388 adhi-

194 419 339 463 benda
370 425 437 463 est
466 421 512 463 in
543 420 778 465 statuenda
809 421 1130 464 necessitudine
1162 435 1274 478 quae
1302 420 1546 464 intercedat
1575 421 1691 463 inter

196 510 376 551 magnas
416 495 593 539 tabulas
631 496 771 550 pictas
812 500 856 538 et
890 496 1083 551 picturas
1124 497 1167 538 in
1206 497 1393 539 vasculis
1435 495 1688 539 delineatas.

195 573 254 614 At
275 585 402 615 nemo
426 575 504 625 est,
536 570 610 627 qui
638 575 770 627 neget
798 574 941 614 certas
974 571 1187 627 quasdam
1219 585 1290 615 res
1310 570 1688 628 megalographiae

194 645 394 700 proprias
433 649 607 689 exstare
646 646 714 689 vel
753 645 935 689 easdem
976 645 1044 688 vel
1081 646 1242 689 similes
1271 647 1316 689 in
1355 660 1554 689 vasorum
1592 650 1689 689 arte

193 720 345 775 figuris
396 720 694 765 ornandorum
744 722 951 777 temporis
1000 721 1192 777 ejusdem
1238 721 1306 765 vel
1351 722 1495 777 potius
1541 721 1689 777 paullo

193 794 461 851 posterioris.
532 794 644 838 Sunt
681 799 828 839 autem
865 795 976 840 duae
1013 810 1086 840 res
1126 796 1172 838 in
1208 794 1363 852 quibus
1408 796 1606 853 picturae
1645 796 1690 839 in

193 870 310 913 vasis
354 885 450 913 cum
488 872 841 928 megalographia
879 885 1120 928 congruere
1155 875 1357 927 possunt:
1399 871 1539 928 primo
1579 872 1690 926 loco,

196 945 310 1002 quod
342 946 503 990 attinet
533 946 591 990 ad
627 942 866 1003 figurarum
903 946 1255 998 delineationem,
1293 947 1420 991 stilus
1456 946 1574 991 idem
1611 950 1690 1000 est,

194 1026 305 1074 tum,
344 1023 462 1077 quod
500 1022 657 1065 attinet
698 1022 756 1065 ad
794 1027 1053 1079 argumenta
1088 1023 1156 1065 vel
1185 1036 1254 1065 res
1285 1036 1399 1077 quae
1438 1036 1692 1077 repraesen-

196 1099 362 1151 tantur,
395 1101 541 1141 certae
571 1096 785 1153 quaedam
817 1096 990 1141 fabulae
1023 1103 1068 1141 et
1097 1101 1357 1153 argumenta
1389 1096 1541 1140 eodem
1563 1097 1690 1140 modo

193 1172 239 1214 in
271 1174 458 1227 utraque
497 1177 592 1215 arte
628 1177 704 1216 aut
742 1172 981 1228 diliguntur
1012 1177 1089 1216 aut
1119 1173 1391 1217 omittuntur.
1451 1171 1561 1214 Nam
1595 1173 1691 1227 quis

195 1249 285 1298 est,
327 1246 401 1301 qui
432 1248 597 1291 nesciat
627 1262 760 1304 rugas
791 1252 834 1291 et
864 1248 981 1291 sinus
1013 1247 1255 1291 delineatae
1296 1260 1391 1290 esse
1421 1246 1465 1289 in
1495 1246 1690 1290 vestibus

193 1321 429 1377 figurarum
461 1323 639 1367 vascula
670 1323 917 1367 ornantium
950 1339 976 1367 a
1007 1322 1262 1366 vasculariis
1293 1337 1389 1365 eam
1421 1322 1476 1366 ob
1498 1336 1688 1376 causam,

195 1397 312 1454 quod
352 1398 629 1442 imitarentur
665 1412 965 1455 progressum,
1011 1413 1139 1455 quem
1174 1398 1217 1440 in
1256 1402 1352 1441 arte
1388 1396 1561 1441 tabulas
1597 1397 1689 1452 pin—

195 1472 323 1528 gendi
366 1472 592 1516 Cimonem
637 1473 902 1517 Cleonaeum
946 1474 1101 1517 fecisse
1146 1473 1353 1529 Plinius¹)
1401 1478 1555 1515 auctor
1596 1474 1691 1515 est‘?

195 1548 303 1601 Quis
333 1562 465 1604 porro
488 1553 554 1591 est
575 1548 647 1603 qui
668 1563 755 1592 non
779 1550 1024 1592 consentiat
1044 1564 1143 1592 cum
1174 1548 1281 1605 iis2),
1313 1549 1387 1605 qui
1417 1562 1523 1591 vasa
1542 1547 1691 1603 figuris

196 1623 430 1666 multorum
463 1622 657 1665 colorum
688 1628 844 1666 ornata
874 1624 1081 1666 liberrimi
1111 1624 1201 1667 stili
1233 1629 1365 1678 atquc
1396 1622 1613 1677 magnifici
1645 1622 1690 1664 in

195 1698 326 1741 Italia
358 1698 565 1742 inferiore
596 1703 769 1756 reperta
802 1699 998 1743 referunt
1028 1699 1083 1743 ad
1114 1698 1319 1755 pingendi
1359 1701 1520 1752 artem,
1560 1712 1691 1753 quam

197 1773 526 1817 Hellenisticam
559 1775 779 1817 nominare
811 1775 1088 1830 archaeologi
1109 1777 1439 1818 consueverunt.
1500 1773 1582 1815 Hic
1602 1787 1691 1816 non

198 1853 266 1891 est
280 1849 401 1893 locus
414 1850 646 1895 multorum
664 1851 973 1906 exemplorum,
991 1850 1149 1906 quibus
1164 1850 1489 1893 demonstretur
1505 1850 1690 1905 megalo-

194 1924 422 1979 graphiam
453 1929 604 1969 tantae
634 1926 769 1969 fuisse
800 1926 1096 1979 auctoritatis,
1128 1929 1177 1967 ut
1208 1924 1439 1968 vascularii
1470 1938 1565 1968 eam
1595 1925 1690 1967 imi-

195 2001 277 2041 tati
309 1989 417 2053 sint,
449 2001 653 2055 quoniam
684 2001 728 2042 in
760 2000 1006 2043 universum
1039 2014 1187 2043 omnes
1218 1999 1463 2042 concedunt
1506 2013 1599 2041 rem
1629 2000 1692 2041 ita

195 2090 292 2118 sese
338 2075 556 2119 habuisse.
635 2075 891 2131 Requirenti
939 2080 1087 2118 autem
1132 2088 1388 2130 magnarum
1442 2073 1690 2117 tabularum

195 2150 462 2194 imitationes
494 2150 846 2193 accuratissimas
885 2150 929 2191 in
971 2149 1151 2206 picturis
1182 2136 1365 2192 vasariis
1404 2163 1518 2204 quae
1549 2149 1691 2192 adhuc

195 2230 393 2269 servatae
438 2231 557 2280 sunt,
576 2216 578 2218 ’
596 2227 642 2270 id
681 2226 869 2270 maxime
910 2224 1196 2281 spectandum
1241 2229 1308 2268 est
1350 2239 1447 2267 eam
1493 2224 1692 2268 imitandi

291 2389 327 2431 1)
354 2388 449 2424 Hist.
480 2387 662 2423 naturalis
692 2387 842 2430 XXXV,
874 2389 919 2423 55
950 2387 1011 2422 hic
1041 2386 1188 2431 (Cimon
1214 2386 1435 2432 Cleonaeus)
1465 2386 1693 2432 catagrapha

193 2447 356 2488 invenit,
388 2447 461 2483 hoc
495 2450 551 2483 est
582 2447 753 2493 obliquas
783 2447 983 2492 imagines,
1015 2449 1053 2482 et
1085 2446 1187 2482 varie
1217 2445 1383 2481 formare
1414 2444 1549 2485 voltum
1574 2444 1692 2490 respi-

194 2505 327 2540 cientis
363 2505 648 2550 suspicientisve
684 2504 744 2539 vel
788 2503 1042 2549 despicientis.
1086 2502 1255 2539 articulis
1296 2501 1465 2537 membra
1507 2501 1693 2546 distinxit,

195 2575 309 2599 venas
333 2562 504 2609 protulit,
529 2566 753 2609 praeterque
776 2562 817 2597 in
842 2563 946 2598 veste
970 2572 1085 2612 rugas
1111 2564 1150 2597 et
1173 2560 1274 2597 sinus
1298 2559 1454 2596 invenit.
1479 2580 1525 2586 —

288 2621 324 2666 2)
350 2620 506 2667 Helbig,
550 2621 892 2665 Untersuchungen
929 2620 1045 2655 ueber
1088 2620 1149 2658 die
1193 2631 1363 2666 campan.
1401 2618 1692 2655 Wandmalerei.

193 2679 369 2715 Vorwort
392 2690 458 2725 pg.
482 2678 548 2715 IX.
573 2696 619 2704 -
