1920 3216
830 178 1116 217 —29-

230 292 382 348 longos
419 290 553 334 habet
591 289 832 344 cincinnos,
869 293 992 334 tenet
1029 289 1186 334 dextra
1215 289 1355 334 facem
1395 288 1720 342 inflammatam,

211 367 357 409 laeva
402 365 605 409 baculum
647 365 904 417 demissum,
946 364 1069 421 cujus
1115 379 1217 421 pars
1263 365 1383 421 prior
1427 378 1513 407 non
1558 368 1720 418 exstat3

233 441 406 485 chitone
444 440 551 483 deus
586 439 764 483 indutus
805 444 872 483 est
907 444 952 484 et
989 439 1216 497 chlamyde
1255 439 1468 483 ambobus
1505 439 1720 483 bracchiis

232 514 571 566 circumvoluta?
586 515 774 571 *respicit
803 514 861 558 ad
893 514 1096 571 Satyrum
1118 513 1364 565 barbatum,
1398 514 1616 566 vittatum,
1647 515 1721 570 qui

230 590 401 633 duabus
432 591 549 633 canit
568 590 699 633 tibiis.
760 591 923 646 Agmen
946 589 1111 634 claudit
1131 588 1305 633 Baccha
1335 589 1558 642 hederata,
1580 589 1720 645 longis

231 669 386 708 ornata
416 665 634 716 cincinniS‚
667 678 766 707 cum
796 664 969 708 chitone
1001 665 1240 715 succincte,
1272 663 1457 707 dextera
1488 663 1624 708 facem
1656 663 1721 706 in-

228 739 504 791 flammatam,
535 738 657 781 laeva
686 738 824 795 lyram
856 742 1021 794 septem
1054 738 1314 783 chordarum
1346 752 1515 794 gerens.
1546 765 1597 770 —

344 850 396 892 In
428 848 749 892 enumeratione
786 848 913 891 modo
952 848 1069 892 facta
1101 849 1226 891 divisi
1257 863 1360 892 vasa
1398 849 1532 904 nigris
1571 849 1720 903 figuris

229 927 273 967 et
303 937 406 967 vasa
435 922 578 967 rubris
608 921 757 978 figuris
787 927 962 980 ornata3
1000 936 1086 979 quo
1126 922 1287 966 sactum
1325 926 1411 974 est,
1453 928 1503 968 ut
1540 938 1719 980 magnus

230 1012 430 1042 vasorum
476 1013 678 1041 numerus
717 998 762 1041 in
808 998 916 1041 duas
966 1002 1111 1053 partes
1163 997 1402 1054 dispositus
1455 1000 1523 1043 sit.
1598 999 1720 1050 Quae

232 1073 455 1129 dispositio
487 1065 574 1117 non
605 1072 777 1116 sufficit.
837 1072 892 1116 Id
924 1072 1061 1116 enim
1092 1071 1221 1120 mihi
1257 1073 1508 1128 proposui
1546 1069 1720 1129 atque

231 1162 420 1191 summo
457 1162 616 1203 opere
653 1148 877 1191 efficere
916 1147 1119 1199 studui,
1156 1151 1212 1190 ut
1254 1148 1492 1203 picturas
1533 1163 1719 1191 vascu-

229 1223 396 1266 lorum
437 1221 855 1279 diligentissime
895 1221 1063 1266 certis
1106 1222 1382 1265 ordinibus
1424 1222 1720 1266 distribue-

227 1311 333 1339 rem
373 1301 424 1339 et
464 1297 753 1349 taliqmodo
795 1296 1208 1340 distributarum
1250 1296 1463 1339 ordines
1512 1297 1720 1352 quibus

231 1386 253 1414 e
285 1371 542 1424 fontibus,
574 1376 625 1415 ut
654 1373 719 1416 ita
750 1372 901 1425 dicam,
940 1371 1251 1423 fluxissent,
1293 1370 1720 1415 demonstrarem.

232 1446 357 1497 Quod
396 1447 431 1489 si
472 1446 618 1489 fecero
657 1451 824 1490 aetates
862 1447 1135 1489 vasculorum
1173 1445 1342 1488 definiri
1386 1450 1593 1501 poterunt
1633 1462 1721 1503 qua.

228 1522 271 1564 in
295 1536 339 1565 re
361 1521 620 1579 Brunnius¹)
654 1536 707 1566 ac
726 1536 864 1579 nuper
886 1520 1139 1565 Theodorus
1162 1520 1486 1577 Schreiberus2)
1518 1537 1718 1566 vasorum

228 1596 362 1638 studii
391 1596 521 1639 finem
553 1611 649 1640 esse
679 1611 843 1640 summo
870 1597 970 1653 jure
1001 1596 1162 1638 dixere.
1197 1621 1246 1626 -

344 1694 548 1738 Picturae
578 1698 722 1737 autem
757 1694 954 1737 vasariae
985 1708 1098 1748 quae
1128 1697 1230 1736 sunt
1267 1708 1400 1750 supra
1438 1696 1717 1737 enumeratae

227 1760 403 1812 tertiam
435 1773 478 1812 et
509 1773 711 1824 quartam
741 1773 914 1812 tantum
943 1768 1117 1812 fabulae
1149 1782 1351 1812 scaenam
1373 1772 1719 1825 repraesentant.

227 1844 358 1900 Atqui
407 1843 547 1887 fontes
593 1843 664 1899 qui
712 1857 844 1899 supra
889 1843 1073 1900 expositi
1122 1847 1222 1886 sunt
1272 1843 1460 1899 quinque
1509 1842 1720 1901 praebent

226 1919 400 1963 fabulae
423 1933 616 1962 scaenas.
676 1919 956 1962 Monumenta
978 1934 1082 1974 ergo
1112 1933 1224 1973 quae
1255 1920 1452 1974 primam,
1482 1919 1714 1962 secundam

227 1998 272 2038 et
310 1993 502 2051 quintam
542 2009 743 2039 scaenam
786 1997 1118 2053 repraesentant
1158 1994 1433 2040 vasculorum
1478 1994 1716 2052 pictoribus

227 2070 490 2125 exemplaria
521 2070 656 2113 fuisse
688 2085 774 2113 non
806 2075 999 2127 possunt.
1061 2071 1202 2123 Quam
1233 2070 1287 2113 ob
1318 2084 1492 2114 causam
1531 2070 1584 2112 de
1616 2083 1717 2111 ana-

226 2145 383 2203 glypho
415 2146 459 2188 in
491 2146 597 2189 solio
630 2146 843 2202 Apollinis
873 2146 1091 2203 Amyclaei
1123 2150 1253 2202 atque
1285 2146 1337 2188 de
1370 2145 1571 2189 Gitiadae
1612 2160 1716 2189 ana-

224 2220 393 2277 glyphis
424 2221 468 2262 in
489 2221 651 2276 templo
672 2221 893 2264 Minervae
916 2221 1198 2264 Chalcioecae
1220 2220 1340 2264 nulla
1360 2220 1466 2263 fient
1493 2221 1638 2263 verba.
1662 2245 1713 2251 -

224 2296 324 2339 Pari
355 2296 483 2339 modo
517 2296 574 2338 ad
604 2300 757 2351 poetas
789 2296 945 2353 lyricos
977 2298 1095 2340 nullo
1127 2297 1255 2340 modo
1287 2310 1520 2349 recurram,
1558 2297 1716 2352 quippo

224 2386 318 2414 cum
351 2367 459 2413 nihil
491 2371 535 2413 in
565 2371 748 2427 picturis
780 2373 963 2416 vasariis
994 2373 1242 2416 inveniatur
1273 2372 1389 2427 quod
1420 2372 1477 2415 ad
1497 2372 1717 2429 exemplar

317 2534 352 2579 1)
375 2532 573 2570 Probleme
604 2533 643 2569 in
675 2533 742 2570 der
772 2533 995 2570 Geschichte
1028 2533 1096 2568 der
1119 2532 1417 2576 Vasenmalerei‚
1448 2533 1530 2568 Ber.
1563 2533 1597 2568 d.
1622 2533 1713 2568 bair.

221 2592 289 2627 Ak.
314 2592 349 2627 d.
374 2592 482 2628 Wiss.
507 2592 535 2627 1.
559 2592 610 2628 Cl.
634 2592 700 2628 Bd.
726 2592 809 2628 XII.
834 2595 866 2628 2.
890 2591 1005 2628 Abth.
1029 2612 1076 2617 —-

314 2654 351 2693 2)
375 2650 531 2686 Jahrbb.
550 2650 611 2685 fiir
629 2651 735 2685 class.
754 2650 889 2685 Philol.
910 2650 1009 2684 1876.
1026 2662 1089 2695 pg.
1110 2651 1176 2685 349
1193 2650 1374 2694 (Anzeige
1392 2661 1466 2685 von
1483 2649 1553 2684 Ad.
1572 2649 1714 2690 Flasch7

221 2707 255 2743 d.
282 2706 541 2754 Polychromie
566 2706 600 2743 d.
627 2719 681 2754 gr.
706 2706 976 2753 Vasenbilder).
1001 2727 1048 2732 —
