1920 3216
771 170 1058 210 ,35-

171 285 441 341 picturarum
471 283 789 339 exemplaribus
819 283 1021 339 poeticis:
1054 285 1232 337 vascula
1261 285 1375 328 enim
1397 284 1660 330 archaistica

171 372 304 416 quae,
345 361 395 402 ut
423 358 486 402 ita
515 358 676 411 dicam,
716 357 891 404 vascula
920 373 1021 404 vere
1051 359 1255 405 archaica
1291 359 1541 416 imitantur,
1580 361 1661 406 hac

171 436 268 491 ipsa
298 433 541 477 imitatione
572 438 811 491 sequuntur
838 434 952 478 idem
983 449 1163 491 poeseos
1194 449 1343 492 genus.
1365 460 1423 468 -
1444 436 1582 489 Quam
1604 437 1659 480 ob

172 514 267 553 rem
297 508 335 552 si
354 508 684 566 inspicientibus
705 509 832 554 nobis
854 508 1004 554 fabula
1032 510 1077 554 in
1107 509 1291 568 picturis
1320 524 1521 556 vasorum
1548 526 1661 570 quae

172 598 307 641 supra
338 589 543 629 enarrata
579 590 679 628 sunt
719 586 971 642 apparuerit
1011 600 1062 629 eo
1100 586 1231 630 modo
1262 591 1549 643 pertractata,
1588 588 1662 644 qui

172 674 269 703 cum
299 674 484 717 poeseos
514 674 673 717 genere
694 661 814 718 epico
835 665 1058 719 congruat,
1088 660 1206 706 nullo
1228 661 1355 705 modo
1375 662 1659 707 concedemus

172 736 439 781 vascularios
459 734 686 793 poetarum
708 737 926 794 epicorum
948 740 1122 782 secutos
1143 751 1230 781 non
1252 751 1350 782 esse
1370 738 1581 795 exempla.
1603 765 1659 771 —

287 812 388 864 Jam
424 812 697 855 vasculorum
742 826 854 868 quae
899 813 984 857 huc
1026 817 1223 869 spectant
1264 813 1657 869 praeclarissimum

173 891 240 931 est
270 901 346 931 vas
377 886 531 930 Clitiae
561 890 605 929 et
634 886 843 943 Ergotimi
873 887 952 943 (B)
994 887 1111 943 quod
1150 888 1195 930 in
1235 888 1379 931 Attica
1421 888 1658 944 perfectum

175 951 357 1006 essene
397 960 650 1018 Braunius¹)
687 961 859 1018 quidem
897 966 1046 1019 negat,
1092 962 1288 1019 quamvis
1326 962 1370 1006 in
1410 962 1657 1006 universum

172 1037 347 1079 minime
378 1037 622 1080 consentiat
651 1050 748 1079 cum
788 1037 861 1089 iis,
898 1038 974 1093 qui
1011 1037 1159 1080 dicant
1198 1051 1399 1080 vasorum
1435 1051 1661 1080 numerum

174 1127 229 1156 ex
258 1112 405 1156 Attica
434 1112 477 1154 in
508 1112 618 1156 alias
648 1116 791 1156 terras
829 1116 1154 1168 exportatorum
1195 1111 1330 1156 fuisse
1365 1127 1661 1169 permagnum.

173 1188 234 1231 Ut
262 1187 425 1231 vasculi
455 1186 577 1243 origo
599 1186 744 1229 Attica
772 1187 837 1231 ita
858 1191 904 1230 et
923 1186 1049 1231 stilus
1070 1199 1170 1230 vere
1190 1187 1415 1233 archaicus
1444 1188 1659 1232 laudatur.

177 1263 360 1307 Vulcani
390 1277 491 1319 ergo
522 1262 720 1306 reductio
750 1263 795 1305 in
816 1266 976 1317 quarta
1005 1263 1119 1306 vasis
1150 1277 1260 1308 zona
1288 1264 1407 1319 picta
1435 1264 1663 1309 artificium

176 1341 243 1381 est
276 1338 475 1383 Atticum.
537 1338 634 1391 Qua
664 1338 708 1380 in
730 1338 1133 1394 repraesentatione
1153 1337 1287 1382 nolim
1308 1338 1503 1395 negligas
1525 1342 1663 1382 totam

120 1400 124 1404 “
174 1426 376 1456 scaenam
407 1414 452 1455 in
474 1412 702 1469 Olympum
733 1411 992 1463 translatam
1024 1425 1132 1456 esse.
1192 1413 1381 1456 Deorum
1414 1417 1560 1457 autem
1592 1414 1664 1457 ad·

175 1492 278 1531 sunt
308 1487 622 1545 Olympiorum:
663 1487 863 1544 Juppiter
891 1488 934 1530 in
966 1486 1074 1530 solio
1107 1487 1257 1531 sedens
1286 1493 1330 1530 et
1357 1488 1520 1544 pariter
1550 1488 1664 1531 Juno

175 1577 286 1618 quae
323 1563 550 1606 etiamtum
569 1566 572 1571 '
591 1577 689 1606 esse
731 1561 916 1617 religata
954 1562 1183 1622 statuenda
1225 1566 1318 1619 est3
1358 1575 1489 1618 porro
1527 1576 1662 1618 prope

177 1638 348 1695 Olympi
377 1639 507 1682 limen
540 1638 698 1689 Venus,
729 1641 830 1693 post
858 1637 1073 1681 Junonem
1104 1641 1248 1681 autem
1280 1638 1487 1688 Minerva,
1530 1637 1661 1687 Mars,

178 1715 317 1758 Diana
349 1720 501 1770 atque,
543 1714 580 1755 si
611 1727 662 1755 ex
704 1712 959 1768 fragmentis
997 1712 1231 1769 figurarum
1269 1725 1420 1754 verum
1462 1712 1664 1768 cognosci

175 1793 344 1845 potest,
389 1789 543 1845 Apollo
588 1792 632 1833 et
676 1788 918 1833 Mercurius
928 1787 973 1846 ²).
1049 1788 1158 1832 Tres
1203 1786 1470 1845 ithyphallici
1519 1786 1665 1844 Satyri

179 1865 360 1921 pedibus
402 1864 568 1921 equinis
608 1863 720 1907 alius
757 1863 868 1908 alius
904 1863 1092 1921 vestigiis
1130 1864 1258 1920 quasi
1295 1863 1446 1907 ordine
1482 1862 1663 1906 militum

179 1944 356 1985 servato
386 1944 625 1996 sequuntur
663 1940 823 1982 mulum
855 1939 1056 1993 Vulcani,
1094 1953 1277 1995 quorum
1318 1939 1481 1995 primus
1519 1943 1666 1995 portat

178 2018 320 2059 utrem
360 2016 574 2059 vinarium
614 2014 738 2071 tergo
780 2014 1051 2071 impositum,
1089 2014 1301 2059 secundas
1338 2013 1508 2057 duabus
1550 2013 1667 2057 canit

176 2087 308 2143 tibiis,
336 2092 491 2135 tertius
514 2091 689 2146 jocatur
715 2106 813 2135 cum
842 2091 1044 2148 nympha.
1081 2117 1125 2124 -—
1164 2090 1224 2134 Ut
1243 2103 1390 2133 omnes
1411 2103 1665 2145 repraesen-

176 2165 364 2211 tationes
411 2165 572 2210 vasculi
616 2164 730 2223 quod
777 2165 949 2210 nomine
989 2165 1351 2223 „Franooisvase“
1402 2163 1666 2222 designatur,

176 2243 239 2286 sic
281 2247 324 2286 et
358 2243 555 2286 reductio
586 2243 769 2285 Vulcani
800 2254 851 2284 eo
891 2241 1019 2284 modo
1055 2242 1174 2297 picta
1213 2245 1301 2294 est,·
1345 2255 1472 2298 quem
1516 2245 1666 2283 nostro

177 2331 374 2362 sermone
422 2317 624 2375 „epische
668 2317 842 2361 Breite“
888 2315 1109 2374 appellare
1156 2317 1473 2371 consuevimus,
1519 2319 1668 2373 spreta

175 2393 486 2450 tragoedorum
507 2393 829 2449 magnificentia
863 2417 908 2423 ——
944 2392 1060 2447 quod
1082 2388 1241 2443 πάθος
1261 2392 1416 2435 Graeci
1438 2396 1593 2435 vocant
1612 2416 1666 2422 ——

271 2535 304 2579 1)
328 2533 404 2570 Zur
425 2532 602 2569 Revision
628 2531 696 2567 der
712 2531 979 2576 Vasenkunde3
1002 2530 1122 2567 briefl.
1140 2530 1386 2576 Mittheilung
1408 2531 1460 2566 im
1476 2530 1666 2567 Archaeol.

175 2592 362 2639 Anzeiger
388 2592 488 2628 1856.
513 2603 578 2639 pg.
605 2590 705 2626 188.*
730 2610 775 2615 —

269 2651 306 2697 2)
332 2651 436 2687 Haec
458 2649 612 2685 nomina.
635 2648 787 2685 omnino
811 2648 1007 2695 probanda
1030 2648 1162 2695 figuris
1185 2648 1368 2684 mutilatis
1384 2648 1477 2683 scite
1492 2647 1669 2693 imposuit

176 2709 220 2744 E.
245 2708 487 2754 Braunius,
512 2708 646 2744 Annali
672 2707 760 2744 dell'
784 2707 876 2743 Inst.
901 2706 984 2742 XII.
1012 2708 1112 2743 1848.
1137 2718 1196 2754 pg.
1222 2708 1301 2743 332.
1324 2726 1372 2732 -

454 2785 456 2787 .
1220 2770 1227 2778 “
1409 2764 1461 2800 3*
