1920 3216
778 155 1065 195 -12-

175 276 279 314 στος
310 255 340 319 ἢ
370 262 626 319 Κωμασταί
655 264 886 322 aliquoties
917 280 944 309 a
974 265 1335 323 phlyacographis
1366 264 1490 309 Italis
1521 265 1671 321 paucis

176 338 307 380 rebus
339 339 527 382 fortasse
558 341 834 383 commutatis
865 341 1189 384 rescriberetur.
1223 365 1274 371 —-

292 411 459 458 Fabula
481 414 664 459 Vulcani
686 414 843 471 dejecti
874 419 918 458 et
947 415 991 458 in
1014 414 1240 472 Olympum
1260 413 1430 458 reducti
1453 413 1670 471 quomodo

173 488 228 532 ab
261 488 545 544 scriptoribus
577 490 871 545 posteriorum
909 494 1154 545 temporum
1192 493 1383 533 tractata
1414 489 1488 539 sit,
1526 488 1669 545 eopio-

175 564 264 607 sius
287 578 502 621 exponere
533 563 663 621 hujus
693 565 775 609 loci
807 579 891 609 non
923 569 1001 619 est,
1033 565 1235 622 quoniam
1265 564 1320 608 ad
1351 567 1546 608 nostram
1577 577 1669 606 rem

178 638 243 681 illi
273 642 443 682 tantum
477 640 710 696 scriptores
750 645 919 683 veteres
952 641 1193 696 pertinent,
1234 653 1288 682 ex
1323 653 1509 695 quorum
1545 638 1668 682 libris

174 714 408 757 vascularii
447 714 698 758 hauserunt.
766 716 1058 768 Quamobrem
1095 710 1215 758 satis'
1235 714 1317 757 erit
1352 714 1460 758 haec
1502 713 1668 757 afferre.

173 788 272 831 Jam
294 788 334 830 H
345 788 574 845 yginus¹)
607 791 669 833 sic
690 790 903 845 loquitur:
937 789 1153 833 Vulcanus
1183 788 1281 832 Jovi
1312 789 1555 844 ceterisque
1586 788 1669 831 diis

174 862 284 905 solia
315 877 449 906 aurea
482 877 535 906 ex
565 863 799 909 adamante
831 879 929 909 cum
961 865 1156 917 fecisset,
1194 863 1306 907 Juno
1348 878 1444 907 cum
1483 863 1669 907 sedisset

176 938 318 980 subito
365 938 408 980 in
454 941 557 981 aere
598 939 790 994 pendere
822 941 973 996 coepit.
1032 940 1158 993 Quod
1202 955 1299 983 cum
1338 939 1394 982 ad
1427 938 1669 982 Vulcanum

172 1012 350 1055 missum
383 1018 517 1066 esset,
557 1017 606 1055 ut
645 1019 827 1058 matrem
870 1029 999 1070 quam
1038 1015 1251 1071 ligaverat
1288 1013 1495 1067 solveret,
1518 1009 1668 1057 ‘iratus

172 1087 290 1142 quod
322 1086 375 1130 de
414 1087 534 1131 coelo
573 1089 884 1146 praecipitatus
923 1095 1019 1134 erat
1057 1094 1188 1146 negat
1226 1104 1272 1133 se
1313 1094 1492 1132 matrem
1535 1087 1668 1130 ullam

169 1160 344 1206 habere.
406 1162 542 1214 Quem
575 1178 671 1207 cum
703 1165 832 1208 Liber
862 1170 988 1221 pater
1018 1164 1183 1209 ebrium
1213 1164 1259 1207 in
1279 1164 1461 1208 concilio
1484 1163 1666 1207 deorum

169 1235 436 1292 adduxisset,
466 1238 622 1295 pietati
651 1254 814 1295 negare
845 1255 931 1284 non
961 1241 1121 1296 potuit:
1150 1245 1243 1284 tum
1264 1239 1484 1296 optionem
1514 1253 1539 1282 a
1560 1237 1666 1282 Jove

174 1313 344 1366 accepit
376 1316 455 1355 etc.
489 1338 544 1343 -

288 1387 439 1443 Neque
471 1389 714 1443 copiosiora
746 1395 845 1433 sunt
878 1390 1012 1434 veiba
1043 1389 1425 1447 Apollodori²):
1460 1384 1584 1446 ‘'Hpa
1616 1386 1667 1431 δὲ

166 1458 304 1518 χωρὶς
335 1457 465 1519 εὐνῆς
486 1462 715 1521 ἐγέννησεν
734 1460 1013 1522 ’Ἡφαιστσν
1046 1463 1108 1516 ὡς
1128 1461 1393 1522 δὲ“ομηρος
1424 1463 1558 1519 λέγει,
1591 1460 1668 1504 καὶ

166 1536 325 1578 τοῦτον
356 1534 404 1579 ὲκ
426 1535 541 1588 Διὸς
572 1536 786 1596 ἐγέννησε.
819 1536 972 1597 ῥίπτει
1006 1539 1055 1583 δὲ·
1088 1537 1226 1582 αῦτόν
1257 1537 1307 1589 ἐξ
1336 1531 1529 1597 οὐρανοῦ
1553 1535 1668 1588 Ζεὺς

156 1605 280 1669 ’Ἡρα
312 1609 501 1671 δεθείσῃ
527 1614 803 1670 βοηθοῦντα·
844 1614 1008 1674 ταύτην
1046 1613 1131 1673 γὰρ
1170 1611 1439 1672 ἐξεκρέμασε
1470 1610 1581 1663 Ζεὺς
1619 1610 1669 1663 ἐξ

164 1679 400 1738 Ὀλύμπου
418 1690 617 1743 χειμῶνα
639 1687 974 1744 ἐπιπέμψασαν
990 1687 1217 1749 ιΗρακλιεῖ,
1250 1685 1324 1731 ὅτε
1352 1685 1522 1747 Τροίαν
1553 1678 1675 1730 ἑλών

166 1754 307 1802 ἔπλει.
349 1761 546 1805 πεσόντα
584 1761 634 1806 δὲ
660 1759 921 1822 (Ἡφαιστσν
956 1759 1003 1806 ἐν
1041 1764 1219 1823 Λήμνῳ
1266 1761 1342 1806 καὶ
1389 1760 1665 1821 πηρωθέντα

166 1830 247 1884 τὰς
276 1834 434 1889 βάσεις
464 1836 655 1880 διέσωσε
694 1837 838 1889 Θέτις.
872 1863 925 1868 ——

285 1910 394 1953 Tum
436 1912 800 1968 Pausaniam³)
846 1914 991 1957 obiter
1029 1915 1198 1957 tantum
1234 1914 1432 1957 fabulam
1469 1916 1664 1955 nostram

171 1997 510 2030 commemorare
560 2001 645 2030 non
697 1991 764 2031 est
812 2002 889 2031 cur
919 1989 1148 2042 miremur3
1209 1988 1314 2031 dicit
1372 1987 1483 2032 enim
1534 1988 1662 2031 haec:

169 2060 373 2115 Λέγεται
405 2061 453 2104 δὲ
485 2062 561 2105 καὶ
589 2059 698 2106 τάδε
728 2061 819 2106 ’ὑπὸ
846 2060 1085 2121 Ἑλλήνων,
1124 2060 1186 2115 ὥς
1215 2061 1339 2122 ‘'Hpa
1370 2060 1510 2123 ῥίψαι
1543 2060 1664 2120 γενό-

166 2150 303 2188 μενον
330 2133 607 2196 ’Ὴφαιστοη
647 2136 670 2181 ὁ
704 2138 756 2182 δέ
786 2137 828 2181 οὶ
863 2140 1150 2197 μνησικακῶν
1183 2138 1367 2195 πέμψαι
1388 2139 1535 2197 δῶρον
1561 2155 1665 2198 χρυ-

169 2210 278 2252 σοῦν
316 2211 488 2270 θρόνον
525 2208 717 2271 ἀφανεῖς
757 2211 949 2268 δεσμοὺς
985 2210 1161 2267 ε’ᾆσντα·
1196 2210 1281 2255 ’καὶ
1320 2211 1399 2271 τὴν
1439 2212 1524 2267 μὲν
1562 2212 1666 2257 ἐπεί

167 2298 214 2325 τε
244 2280 489 2340 ἐκαθέζετο
521 2287 749 2339 δεδέσθαι,
782 2289 906 2331 θεῶν
937 2287 987 2331 δὲ
1018 2294 1106 2331 τιῦν
1134 2288 1218 2343 μὲν
1248 2281 1398 2331 ἄλλων
1420 2282 1568 2331 οὐδενὶ
1587 2285 1666 2331 τὸν

155 2354 417 2418 “Ηφαιστσν
456 2362 637 2407 ἐθέλειν
677 2361 951 2416 πείθεσθαι,
984 2360 1209 2414 Διόνυσος
1241 2362 1301 2415 δέ,
1332 2363 1531 2417 μάλιστα
1577 2362 1662 2422 γὰρ

261 2509 295 2554 1)
320 2512 378 2603 fd.
404 2498 525 2550 Maur.
552 2515 723 2551 Schmidt
747 2515 866 2551 Jenae
894 2517 992 2551 1874.
1017 2515 1090 2551 fab.
1118 2514 1294 2551 CLXVII.
1321 2536 1364 2541 —

257 2570 279 2602 2
340 2593 349 2609 ‚
376 2571 408 2613 3,
433 2572 465 2606 5.
494 2591 533 2596 -

257 2565 297 2672 3}
323 2627 352 2673 1,
377 2630 434 2674 20,
460 2633 481 2666 2
507 2640 591 2665 cum
615 2628 804 2675 picturam
828 2629 865 2665 in
892 2630 1035 2677 templo
1061 2630 1197 2667 Bacchi
1220 2630 1379 2667 Athenis
1411 2631 1579 2667 fabulam
1604 2642 1661 2667 re·

161 2690 466 2736 praesentantem
491 2687 595 2723 vidit.
619 2707 667 2713 -
