1920 3216
838 145 1121 184 -54-

230 259 408 302 calicem
441 261 566 316 quasi
598 258 755 314 gaudio
780 258 1054 314 triumphans
1076 257 1239 301 attollit
1258 256 1583 313 recognoscitur
1602 256 1726 301 furor

228 333 480 385 bacchicus,
515 348 643 390 quem
674 347 730 376 ne
762 332 950 389 optimus
981 332 1154 389 quidem
1185 332 1338 375 histrio
1370 332 1416 375 in
1447 345 1605 375 scaena
1634 335 1725 375 tam

227 408 337 452 bene
367 412 701 464 repraesentare
731 407 874 462 potuit
904 422 1034 462 quam
1070 407 1115 449 in
1154 406 1236 450 hoc
1273 406 1448 450 vasculo
1478 406 1621 461 pictor
1653 420 1725 462 pe-

229 482 376 525 nicillo
407 482 560 538 pinxit.
613 482 760 525 Alacri
781 482 926 524 animo
946 480 1189 537 ingreditur
1209 479 1395 531 Baccha,
1427 483 1560 536 caput
1581 480 1724 523 divino
1742 533 1750 542 ·

229 558 386 613 spiritu
426 557 627 601 inflatum
665 556 840 601 attollit.
899 554 1027 607 Tum,
1057 558 1108 596 ut
1135 554 1320 612 Jahnii¹)
1351 554 1492 598 verbis
1524 559 1624 599 utar
1654 555 1725 609 „in

228 632 388 688 seliger
410 621 711 675 Trunkenheit
730 631 939 674 schreitet
959 629 1029 672 ihr
1050 629 1262 686 Dionysos
1283 630 1435 674 nach.“
1474 630 1575 673 Pari
1599 630 1724 675 modo

228 707 375 750 ebrius
417 707 604 750 demisso
648 706 791 762 capite
823 705 1020 761 sequitur
1060 704 1246 747 amicum
1279 704 1497 749 Vulcanus
1508 704 1541 762 ³)
1580 705 1724 749 animo

227 769 345 825 nullo
377 782 507 825 modo
539 781 685 824 invito.
722 807 774 813 —
808 779 930 832 Quae
953 793 1051 822 cum
1071 778 1135 822 ita
1156 779 1256 832 sint,
1288 780 1500 823 neminem
1522 780 1725 837 equidem

229 861 335 913 puto
367 862 625 913 negaturum
658 858 876 913 picturam
909 855 947 899 Τ
980 854 1187 909 omnium,
1226 869 1339 910 quae
1369 855 1494 899 nobis
1525 860 1725 901 servatae

227 935 347 984 sunt,
390 946 486 974 esse
527 933 735 988 optimam
776 929 953 975 fabulae
984 930 1425 986 repraesentationem
1464 933 1597 987 atque
1632 931 1725 988 pul-

226 1006 500 1050 cherrimam.
541 1033 589 1038 -—

348 1097 514 1143 Contra
544 1098 710 1143 minore
742 1113 837 1142 cum
871 1102 965 1142 arte
998 1112 1253 1154 expressum
1285 1101 1328 1141 et
1358 1097 1620 1143 delineatum
1657 1102 1726 1142 est

228 1172 448 1216 vasculum
481 1172 541 1225 U,
581 1173 625 1215 in
664 1187 750 1228 quo
786 1176 930 1216 tamen
961 1172 1087 1228 plura
1118 1173 1344 1216 schemata
1374 1174 1572 1216 scaenica
1607 1163 1723 1217 inve-

226 1248 418 1291 niuntur.
458 1247 529 1290 Sic
546 1262 707 1302 magna
728 1262 823 1290 cum
847 1252 943 1291 arte
972 1248 1132 1303 pictum
1156 1251 1223 1290 est
1244 1247 1461 1303 quomodo
1483 1248 1722 1291 Vulcanum

225 1322 422 1367 Bacchus
445 1322 534 1366 suis
557 1322 758 1367 manibus
779 1322 989 1379 impellat,
1011 1326 1062 1365 ut
1087 1326 1306 1380 sequatur.
1340 1323 1722 1367 Commissatorem

225 1398 542 1441 claudicantem
553 1397 585 1453 ³)
600 1398 749 1454 thyrso
766 1399 941 1453 pulsare
953 1398 1152 1441 Bacchus
1164 1398 1337 1441 videtur
1349 1406 1479 1454 atque
1495 1398 1720 1443 adhortari

223 1488 277 1516 ne
322 1472 544 1517 subsistat.
613 1473 774 1517 Rerum
807 1477 948 1517 autem
991 1474 1285 1517 scaenicarum
1315 1473 1579 1519 imitationes
1621 1479 1723 1518 sunt

226 1547 412 1590 Vulcani
454 1548 729 1591 endromides
767 1555 812 1591 et
851 1552 1029 1603 petasus
1061 1552 1104 1589 et
1134 1548 1306 1604 forceps
1337 1563 1433 1592 cum
1469 1549 1626 1592 malleo
1666 1550 1722 1592 ri-

223 1623 409 1665 dendum
449 1624 495 1664 in
534 1623 709 1665 modum
748 1623 1093 1682 commutatih—
1131 1623 1248 1665 aliud
1281 1625 1396 1666 enim
1427 1638 1523 1666 esse
1563 1624 1722 1666 instru-

222 1701 419 1741 mentum
451 1696 569 1753 quod
601 1697 799 1741 manibus
839 1701 985 1741 teneat
1016 1697 1122 1740 mihi
1160 1697 1425 1754 persuadere
1462 1712 1547 1741 non
1584 1698 1719 1754 potui.

223 1773 370 1828 Satyri
402 1776 549 1815 autem
583 1772 881 1827 praecedentis
913 1772 1240 1827 subligaculum,
1273 1788 1326 1815 ex
1358 1788 1442 1829 quo
1473 1773 1645 1828 phallus
1677 1778 1722 1817 et

223 1848 363 1891 cauda
376 1847 563 1902 religata
580 1852 693 1900 sunt,
715 1848 1019 1891 vestimentum
1038 1852 1146 1901 erat,
1169 1863 1252 1904 quo
1271 1848 1504 1893 histriones
1519 1850 1718 1893 ludorum

227 1922 526 1979 Satyricorum
560 1923 769 1966 exstructi
800 1927 935 1966 erant.
969 1948 1021 1953 -—

339 1999 496 2041 Restat
527 2002 575 2040 ut
605 1998 759 2041 ultimo
790 1999 885 2042 loco
908 2012 1240 2042 commemorem
1262 2000 1482 2042 vasculum
1512 2000 1569 2057 A,
1599 2001 1720 2056 cujus

318 2192 352 2232 l)
378 2189 625 2225 Vasenbilder
648 2201 710 2236 pg.
738 2191 791 2225 19.
817 2210 862 2215 ——

315 2252 350 2289 2)
379 2248 513 2283 Gestus
542 2246 700 2282 Vulcani
738 2248 845 2282 laeva
880 2260 991 2283 manu
1027 2248 1148 2284 factus
1178 2250 1368 2296 significat
1402 2252 1502 2286 velle
1533 2263 1618 2286 eum
1647 2247 1751 2287 niti·'

220 2305 345 2350 aliqua
370 2316 423 2349 re,
447 2315 494 2339 ne
518 2303 557 2339 in
588 2305 708 2340 solum
734 2305 860 2350 cadat3
892 2309 931 2341 et
960 2307 1087 2353 paullo
1117 2309 1204 2353 post
1233 2320 1362 2344 manus
1392 2308 1530 2344 Bacchi
1561 2309 1716 2345 humero

219 2363 397 2409 imposita
428 2362 511 2397 erit.
566 2362 820 2398 Refutandum
851 2365 968 2411 igitur
998 2365 1099 2411 quod
1131 2365 1224 2400 dicit
1252 2365 1410 2401 Jahnius
1441 2365 1478 2413 (Ι.
1511 2379 1541 2402 c.
1569 2379 1631 2412 pg.
1659 2369 1716 2408 19)

220 2422 315 2466 „mit
340 2420 408 2455 der
431 2420 579 2455 Linken
603 2420 721 2456 treibt
745 2432 786 2456 er
809 2421 994 2468 Dionysos
1019 2435 1064 2458 zu
1088 2422 1300 2458 rascherem
1326 2424 1491 2469 Gange.“
1517 2445 1562 2451 —

314 2481 351 2523 3)
381 2477 555 2523 Quamvis
571 2478 816 2515 Bluemnerus
834 2480 894 2523 (de
911 2481 1070 2516 Vulcani
1087 2481 1126 2516 in
1142 2483 1215 2516 vet.
1234 2484 1302 2517 art.
1320 2492 1421 2517 mon.
1441 2482 1563 2529 figura
1581 2495 1643 2529 pg.
1657 2486 1716 2520 24³

218 2552 255 2574 n.
280 2536 328 2582 2.)
355 2537 507 2582 abnuat,
538 2539 665 2573 tamen
696 2539 752 2573 est
781 2537 986 2585 Vulcanus;
1024 2541 1196 2586 petasum
1229 2540 1328 2576 enim
1353 2540 1454 2587 quod
1478 2543 1604 2589 gestat
1628 2541 1715 2578 Vul-

218 2608 344 2639 canus,
371 2607 448 2630 non
472 2599 529 2630 est
554 2595 656 2639 quod
681 2596 872 2638 miremur,
899 2597 928 2631 si
950 2598 1168 2643 respicimus
1191 2599 1417 2634 vestimenta
1441 2600 1611 2635 scaenica
1633 2600 1714 2634 imi-

214 2656 338 2690 tatum
363 2664 442 2689 esse
467 2652 653 2700 pictorem
679 2653 878 2689 vasarium.
936 2675 942 2678 -
