1920 3216
814 172 991 221 4-,53
1048 194 1190 215 -,

220 287 424 342 suspecta
462 285 663 346 videntur
700 270 818 339 esse,
860 283 1089 328 dumtaxat
1122 284 1178 329 ab
1207 284 1304 342 ipso
1341 282 1585 328 vasculario
1621 297 1705 326 non

207 360 371 417 facta„
393 359 632 418 Praecipue
650 353 1064 418 nomininprpdt'a
1083 360 1247 406 nullum
1268 356 1415 405 tribuo
1430 361 1707 411 momentum,

220 440 271 480 ut
289 450 358 481 me
378 436 600 481 adducere
621 450 707 479 non
727 436 879 492 possit,
910 440 959 479 ut
977 436 1220 480 existimem
1241 435 1511 480 comoediam
1536 460 1585 466 ——
1609 434 1708 490 Epi-

197 504 470 571 ·charmeam
500 511 700 555 nimirum
744 537 792 543 --
830 512 1028 569 picturae
1043 508 1325 556 vasculariae
1365 509 1532 555 fontem
1561 507 1707 565 esse.¹)

219 587 488 644 Argumento
507 585 625 640 ¹euim
647 585 1112 642 comoediarum,‘quas
1131 585 1388 641 conscripsit
1406 585 1706 641 Epicharmus,

223 655 364 717 petita
373 669 510 705 erant.
529 648 663 705 evita
683 660 960 723 moribusque
991 660 1117 719 vulgi,
1149 674 1291 718 neque
1323 660 1467 704 minus
1486 659 1708 704 travestiis
1738 700 1745 705 .

222 735 538 812 mythologicis‚
569 751 682 794 quae
713 736 931 794 dicuntur,
971 736 1214 781 Siculorum
1245 726 1418 780 error-ea
1450 740 1496 780 et
1524 736 1630 780 vitia
1659 735 1707 779 il-

160 805 162 807 ’
218 809 517 873 ludebantur.
539 812 638 871 Sic
674 813 720 856 in
754 811 1004 868 Epicharmi
1042 796 1278 855 comoedia
1309 825 1424 867 quae
1455 808 1709 870 “Acamas

218 880 249 943 ἢ
276 884 534 943 Κωμασταί
570 882 844 941 inscribitur,
862 881 1081 945 opificum
1122 873 1356 930 vinolentia
1392 885 1708 944 objurgabatur

219 964 262 1005 et
291 961 618 1018 exagitabatur,
665 976 761 1020 cum
804 962 990 1017 persona
1034 961 1217 1005 Vulcani
1269 961 1470 1018 opificum
1511 961 1708 1004 ordinem

218 1041 583 1092 repraesentaret.
644 1016 935 1090 Quamobrem
967 1037 1020 1068 -'-
1036 1037 1436 1093 ‘quantulacunque
1466 1039 1568 1079 sunt
1593 1035 1708 1091 quae

218 1115 442 1167 comperta
471 1111 682 1156 habemus
713 1111 767 1155 de
799 1125 958 1155 scaena
989 1115 1034 1156 et
1058 1111 1252 1155 vestibus
1293 1111 1504 1156 scaenicis
1542 1124 1709 1154 comoe-

218 1184 390 1229 diarum
418 1185 806 1242 Epicharmearum
835 1181 1095 1243 --'opinari
1123 1172 1228 1230 licet
1257 1186 1437 1230 Vulcani
1473 1199 1704 1241 personam

218 1259 262 1302 in
292 1259 368 1304 illo
383 1259 504 1319 ,ludo
536 1261 735 1305 scaenico
764 1260 929 1317 opificis
960 1260 1149 1317 speciem
1177 1261 1449 1318 praebuisse.
1491 1259 1635 1318 qualis
1663 1256 1715 1303 in‘

221 1334 259 1378 Τ
290 1334 524 1378 invenitur:
564 1321 824 1388 exomidem,
854 1326 1015 1391 pileum
1046 1323 1243 1396 opificum
1273 1341 1318 1380 et
1346 1332 1551 1380 malleum
1581 1335 1706 1391 gerit.

218 1409 455 1453 Praeterea
484 1412 629 1456 autem
664 1436 714 1441 —
747 1414 930 1466 excepta
947 1408 1227 1466 inscriptione
1248 1400 1581 1454 ΚΩΜΩΙΔΙΑ
1602 1405 1708 1453 nihil

218 1483 436 1530 invenitur
481 1498 568 1542 quo
608 1472 973 1539 commoveamur,
1016 1489 1068 1529 ut
1107 1485 1320 1543 pictura-m
1365 1485 1579 1530 vasariam
1628 1498 1708 1541 pro

220 1559 464 1603 imitatione
503 1561 753 1604 comoediae
790 1561 1102 1617 Epicharmeae
1142 1560 1394 1603 habeamus.
1431 1585 1484 1593 —
1497 1559 1632 1603 Nam
1662 1559 1708 1601 in

220 1637 461 1679 ceterarum
492 1635 728 1692 figurarum
758 1637 914 1681 vestitu
951 1640 1084 1693 atque
1128 1633 1281 1679 babitu
1317 1636 1592 1701 reperiuntur
1628 1647 1709 1678 nec

219 1709 444 1754 schemata
474 1711 672 1754 scaenica
700 1725 782 1754 nec
813 1707 992 1754 vestitus
1022 1710 1215 1753 scaenici
1244 1711 1329 1753 nisi
1358 1709 1539 1753 Bacchi
1553 1709 1707 1752 endro-

218 1783 365 1827 mides.
427 1784 553 1837 Quod
583 1789 728 1830 autem
750 1786 816 1830 ad
845 1785 1091 1829 universam
1123 1783 1312 1840 speciem
1341 1784 1457 1828 vasis
1478 1783 1522 1828 Τ
1539 1783 1709 1835 attinet,

218 1858 407 1902 Atticam
449 1873 543 1903 eam
587 1874 682 1903 esse
713 1886 769 1892 —
799 1865 849 1903 ut
884 1860 1074 1904 omnium
1114 1859 1387 1902 vasculorum
1425 1858 1562 1902 Nolae
1572 1857 1606 1904 ²)
1642 1872 1707 1901 re-

216 1937 442 1990 pertorum
482 1959 538 1966 -
579 1936 803 1980 contendo.
885 1934 1159 1994 Quapropter
1198 1934 1237 1979 Τ
1280 1933 1425 1978 fictum
1472 1920 1534 1977 et*
1556 1927 1708 1989 figuris

217 2012 418 2052 ornatum
449 2020 544 2054 es'se
574 2010 744 2067 videtur
773 2009 830 2055 ab
859 2008 1026 2054 artifice
1056 2008 1201 2053 Attico
1231 2009 1305 2065 qui
1325 2023 1445 2053 more
1466 2012 1511 2053 et
1533 2007 1703 2052 ratione

215 2088 442 2140 poetarum
473 2087 734 2130 comicorum
764 2086 903 2142 pinxit
933 2086 1010 2129 sed
1036 2086 1101 2128 ita
1122 2085 1295 2137 tamen,
1327 2090 1374 2127 ut
1403 2084 1551 2128 ludum
1584 2098 1700 2127 scae-

217 2160 362 2203 nicum
405 2160 498 2216 ipse
545 2165 831 2217 componeret.
898 2160 1063 2203 Totum
1099 2172 1257 2222 agmen
1296 2157 1414 2201 velut
1457 2159 1503 2203 in
1545 2167 1706 2202 scaena

216 2234 520 2290 progreditur:
569 2234 690 2278 nulla
738 2249 926 2290 persona
977 2234 1105 2278 aliam
1155 2233 1338 2289 figuram
1395 2233 1589 2288 vestibus
1637 2233 1705 2276 vel

219 2303 400 2366 corpore
431 2322 487 2353 ne
507 2323 560 2354 ex
579 2312 707 2367 parte
729 2308 903 2365 quidem
933 2308 1137 2365 contegit,
1169 2308 1231 2352 ita
1251 2312 1302 2351 ut
1322 2322 1469 2352 omnes
1489 2321 1705 2365 personae

124 2408 132 2418 ·
188 2403 191 2407 ·
214 2383 367 2438 plenae
397 2389 443 2427 et
472 2385 669 2440 integrae
700 2385 889 2441 conspici
920 2386 1100 2441 possint.
1161 2384 1270 2427 Tum
1289 2384 1352 2426 -in
1383 2383 1557 2427 Baccha
1593 2398 1706 2439 quae

309 2523 344 2569 1)
370 2524 454 2559 Pari
483 2524 596 2560 modo
628 2536 677 2560 ne
707 2524 751 2560 Ο.
780 2524 938 2560 Jahuiue
974 2523 1126 2569 quidem
1162 2524 1423 2568 (Vasenbilner
1452 2534 1514 2568 pg.
1548 2522 1605 2566 19)
1635 2522 1705 2569 hac

214 2578 455 2631 inscriptione
486 2579 534 2618 d‘e
564 2580 751 2618 sententia
780 2580 978 2618 deducitur
1006 2580 1148 2626 Achaei
1174 2578 1313 2628 'poetae
1344 2580 1474 2617 drama
1504 2579 1706 2631 satyricum

214 2641 357 2675 fontem
380 2639 495 2678 fuisse
518 2640 659 2676 vasculi
683 2639 730 2675 Τ.
755 2660 798 2666 -

305 2697 345 2742 2)
369 2695 417 2732 cf.
444 2695 485 2733 O.
511 2696 620 2740 Jahn,
647 2696 800 2733 Einleit.
825 2696 850 2732 i.
875 2696 911 2733 d.
935 2696 1096 2733 Vasenk.
1121 2707 1184 2744 pg.
1200 2695 1324 2736 LVII.
1362 2717 1392 2725 —-
