1920 3216
807 145 864 151 -
924 102 1097 163 43.-

202 304 280 346 111.
342 305 417 347 De
449 303 682 360 picturis
719 305 947 348 vasariis
990 306 1062 349 ad.
1093 304 1360 360 exemplar
1398 304 1700 354 fabularum

260 374 631 426 scaenicarum
670 388 849 420 earum
865 374 1044 429 que-in
1074 372 1309 416 theatro'
1330 387 1644 434 repraesen—

640 443 912 486 ‘nationum
941 442 1265 498 compositis.

321 534 477 577 Omnia
507 549 620 591 quae
651 535 732 579 hoc
762 534 858 581 loco
890 533 1187 579 enumeranda
1218 538 1319 577 sunt
1348 534 1523 579 vascula
1547 535 1591 578 in
1613 534 1703 578 duo‘

203 606 435 653 discedunt
455 624 640 666 genera:
672 610 856 654 alterum
880 623 1015 666 genus
1038 613 1107 652 est
1129 622 1279 653 eorum
1300 624 1484 665 quorum
1505 610 1697 666 pictores

202 684 332 729 ludos
349 686 571 728 scaenicos
588 687 708 740 ipsos
725 689 1068 741 repraesentant,
1091 684 1276 727 alterum
1294 699 1456 737 eorum,
1482 685 1524 728 in
1540 679 1698 740 quibus

203 759 339 813 ipsius
362 772 546 803 scaenae
567 760 745 815 ludique
766 760 952 803 imitatio
971 764 1130 815 >aperta
1150 759 1271 801 nulla
1291 759 1519 806 invenitur.
1572 761 1697 802 Atta-

202 848 299 875 men
331 834 561 889 utriusque
594 835 766 889 generis
796 835 903 877 fines
934 837 1138 877 accurate
1175 831 1344 876 definiri
1381 848 1467 876 non
1501 838 1698 889 possunt,

201 922 296 951 cum
320 923 451 964 saepe
473 912 666 952 statuere
688 909 805 952 haud
826 908 1056 967 possimus,
1086 912 1231 954 utrum
1253 909 1396 965 picto'r
1419 924 1472 952 ex
1490 909 1699 952 memoria

200 983 392 1038 pinxerit
423 998 480 1026 an
511 984 661 1026 ludum
691 984 831 1040 ipsum
853 984 1049 1030 imitatus
1080 984 1149 1027 sit.
1211 984 1405 1036 Quarum
1427 978 1694 1040 pictura-rum

199 1057 244 1101 R
265 1062 333 1101 est
353 1073 417 1112 ea,
439 1059 483 1101 in
504 1074 592 1115 qua
612 1060 900 1114 paucissimae
921 1072 992 1102 res
1014 1059 1308 1116 reperiuntur,
1329 1045 1441 1115 {luae
1461 1044 1516 1102 >ex
1537 1071 1699 1102 scaena

200 1133 486 1189 depromptae
529 1137 648 1186 sunt,
701 1148 797 1176 cum
847 1134 960 1177 inter
1006 1147 1154 1176 omnes
1203 1136 1371 1177 constet
1418 1134 1630 1189 picturam
1662 1132 1699 1176 A

201 1209 431 1264 imaginem
455 1207 546 1250 ludi
569 1207 756 1250 scaenici
779 1221 875 1250 esse
897 1203 1159 1261 accuratam.
1206 1207 1490 1251 Cetera.vasa
1511 1207 1695 1251 medium

202 1283 343 1325 locum
378 1287 530 1325 tenent
559 1284 674 1326 inter
703 1282 747 1329 R.
778 1288 822 1325 et
855 1283 919 1337 A?
950 1297 1064 1338 quae
1083 1284 1122 1325 si
1143 1287 1453 1328 enumerantur
1482 1297 1532 1325 eo
1556 1283 1696 1333 modo,

199 1361 248 1399 ut
279 1357 517 1411 vasculum,
550 1372 636 1414 quo
668 1358 809 1413 major
830 1357 875 1401 in
897 1356 992 1412 ejus
1013 1357 1183 1413 pictura
1205 1358 1263 1401 sit
1284 1371 1468 1401 scaenae
1496 1357 1697 1407 imitatio,

202 1445 253 1473 eo
285 1432 462 1487 propius
494 1432 549 1476 ad
580 1432 620 1477 Α
649 1437 856 1488 ponatur,
892 1431 963 1474 hic
1002 1432 1109 1475 ordo
1149 1432 1477 1476 constituendus
1508 1435 1598 1475 est:
1636 1430 1698 1488 R,

202 1507 253 1562 S,
287 1506 344 1566 Q,
378 1507 435 1563 T,
468 1506 528 1561 U,
560 1507 617 1551 A.

315 1582 462 1624 Primo
483 1581 577 1625 loco
599 1596 739 1638 pauca
759 1582 999 1638 repetenda
1018 1586 1121 1625 sunt
1142 1581 1197 1625 de
1218 1596 1399 1638 poeseos
1431 1581 1699 1625 dramaticae

200 1656 430 1711 generibus
463 1657 538 1709 eis,
573 1671 684 1712 quae
716 1656 800 1699 huc
831 1657 1061 1711 pertinent,
1094 1661 1137 1699 et
1167 1657 1226 1713 de,
1254 1670 1403 1700 eorum
1441 1671 1695 1712 repraesen-

202 1730 439 1773 tationibus
459 1731 682 1774 scaenicis.
706 1757 750 1762 —-
767 1730 937 1775 Fabula
960 1731 1142 1775 Vulcani
1163 1745 1192 1774 a
1208 1730 1383 1774 Baccho
1401 1731 1445 1774 in
1469 1730 1697 1787 Olympum

200 1805 371 1849 reducti
410 1807 454 1848 in
495 1806 645 1848 Sicilia
686 1806 971 1861 Epicharmo,
1018 1806 1199 1849 Athenis
1242 1807 1437 1857 Achaeo,
1462 1795 1533 1848 'in'
1567 1807 1697 1849 Italia

196 1880 402 1923 inferiore
454 1880 820 1936 phlyacographis
866 1880 1118 1924 auctoribus
1168 1885 1394 1936 poetarum
1437 1881 1696 1923 comicorum

200 1970 318 1998 more
349 1956 394 1997 in
425 1969 585 1998 scaena
615 1954 841 2009 agebatur.
904 1955 1029 2004 Quod
1060 1955 1218 1998 attinet
1248 1956 1302 1999 ad
1333 1955 1461 1998 ludos
1498 1955 1698 2010 phlyaco-

199 2029 461 2086 graphorum
493 2043 520 2071 a
551 2029 791 2084 pictoribus
823 2026 1004 2072 vasariis
1035 2032 1409 2085 repraesentatos:
1448 2043 1695 2073 scurrarum

196 2105 381 2146 vestitus
423 2091 684 2157 habitusque
735 2102 1031 2158 significanter
1077 2104 1383 2160 exprimendus
1430 2108 1537 2147 erat.
1613 2103 1695 2155 Qui

198 2166 448 2224 scurrarum
491 2178 675 2221 vestitus
712 2177 755 2220 in
797 2192 896 2225 unov
927 2183 1101 2223 tantum
1143 2179 1321 2224 vasculo
1353 2178 1427 2235 (A)
1467 2179 1696 2230 invenitur,

199 2270 296 2297 cum
335 2255 450 2297 desit
491 2254 535 2296 in
573 2254 730 2296 ceteris
774 2253 848 2312 (Q,
880 2253 940 2310 R,
973 2253 1023 2310 S,
1057 2254 1116 2309 T,
1148 2254 1223 2308 U),
1262 2268 1377 2310 quae
1407 2254 1521 2297 hanc
1556 2254 1695 2309 ipsam

197 2331 254 2372 ob
285 2343 461 2380 causam
493 2332 571 2372 aut
609 2328 665 2371 ad
704 2327 830 2371 ludos
861 2331 1084 2372 scaenicos
1122 2330 1332 2374 dramatis
1374 2328 1549 2385 satyrici
1584 2329 1695 2372 Atti÷

198 2418 342 2446 corum
374 2403 610 2445 referenda
641 2406 743 2445 sunt
773 2406 850 2445 aut
880 2402 934 2444 ad
968 2389 1231 2446 comoediam
1253 2402 1598 2459 Epicharmeam,
1620 2403 1695 2445 sed

198 2494 250 2522 eo
282 2478 458 2535 quidem
489 2472 634 2530 modo,
666 2481 717 2520 ut
746 2477 1088 2521 vasculariorum
1121 2471 1313 2534 picturas
1345 2493 1432 2521 non
1462 2491 1542 2533 pro
1564 2478 1694 2520 certis

196 2544 504 2608 accuratisq'ue
544 2551 861 2594 imitationibus
900 2554 1350 2609 repraesentationum
1400 2553 1693 2596 scaenicarum

200 2613 451 2679 habeamus,
484 2616 560 2670 sed
582 2641 660 2682 pro
683 2628 881 2670 artificiis
903 2627 1040 2671 libere
1063 2621 1220 2671 effic-tis
1241 2632 1546 2684 praeterquam
1578 2629 1694 2684 quod
