1920 3216
787 126 1069 169 -30-

181 244 407 297 poetarum
425 240 660 299 lyricorum
677 240 877 285 videatur
889 241 1188 299 compositum.
1218 240 1403 285 Accedit
1422 238 1540 297 quod
1556 251 1683 282 nemo

180 330 373 373 unquam
389 315 487 371 fuit,
504 316 579 373 qui
594 315 711 360 hunc
731 316 776 360 in
797 315 971 360 modum
989 317 1189 361 censeret
1208 315 1263 360 de
1284 314 1466 372 picturis
1485 313 1682 358 vasariis.

297 390 575 447 Quapropter
619 404 751 433 unum
802 393 943 435 restat
983 394 1305 435 monumentum
1355 388 1471 446 quod
1518 388 1680 431 imitari

178 469 419 523 potuerunt
463 464 717 511 vascularii:
761 464 935 522 pictura
978 465 1163 511 Athenis
1212 465 1258 511 in
1305 462 1469 522 templo
1522 461 1681 507 Bacchi

179 540 309 595 picta.
382 539 450 583 Ex
494 539 688 584 fontibus
733 544 879 584 autem
924 540 1108 595 poeticis
1148 540 1266 585 haud
1303 537 1543 595 rejicienda
1584 542 1683 581 sunt

180 618 389 671 poemata
418 614 543 671 epica
571 618 707 671 atque
736 612 992 659 dramatica.
1030 639 1075 646 -

294 689 504 745 Jamjam'
524 688 684 731 abhinc
719 688 878 731 multos
916 702 1054 733 annos
1084 688 1367 745 archaeologi
1404 687 1551 731 conati
1581 690 1682 731 sunt

179 763 482 808 demonstrare
522 762 714 819 picturas
753 762 970 818 vasarias,
1008 776 1124 821 quae
1164 766 1359 808 nostram
1390 760 1582 807 fabulam
1613 773 1680 803 re-

179 842 535 894 praesentarent,
577 852 631 881 ex
671 851 757 881 uno
798 837 867 883 vel
896 837 1038 883 altero
1075 838 1233 882 horum
1272 835 1460 882 fontium
1489 836 1681 881 fluxisse.

180 914 490 971 Superioribus
521 918 668 958 autem
699 913 986 971 temporibus,
1018 927 1115 959 cum
1146 912 1451 970 archaeologia
1481 916 1526 956 et
1554 901 1681 971 prae-

179 990 305 1045 cipue
335 989 448 1033 artis
478 988 750 1046 mythologia
778 989 1043 1033 incunabula
1062 989 1252 1034 nondum
1274 987 1581 1045 superavisset,
1608 986 1681 1043 qui

179 1064 377 1120 picturas
407 1063 451 1108 in
482 1063 669 1109 vasculis
699 1062 900 1120 depictas
921 1062 1251 1122 descripserunt
1269 1067 1403 1120 atque
1431 1061 1680 1109 ediderunt:

180 1137 374 1181 Millinus
404 1142 451 1179 et
479 1138 759 1193 Millingenus
790 1151 932 1193 neque
960 1152 1063 1181 raro
1095 1138 1286 1182 editores
1315 1136 1430 1189 libri,
1461 1136 1536 1193 qui
1566 1128 1682 1177 Elite

180 1212 610 1271 Ceramograpbique
629 1213 884 1259 inscribitur
904 1214 949 1258 in
969 1214 1086 1258 notis
1117 1212 1246 1258 modo
1267 1212 1384 1256 hunc
1404 1210 1533 1257 modo
1556 1210 1678 1255 illum

177 1288 365 1333 laudant
405 1288 548 1333 locum
596 1289 857 1347 scriptorum
905 1289 1204 1346 antiquorum,
1245 1287 1364 1333 nullo
1409 1286 1678 1345 picturarum

181 1364 301 1409 sonte
332 1368 451 1410 certe
482 1363 674 1410 definito.
725 1364 895 1409 Primus
918 1369 1063 1411 autem
1096 1364 1247 1421 (1824)
1270 1361 1545 1419 Muellerus¹)
1573 1359 1682 1405 dicit

183 1439 453 1485 comoediam
474 1439 726 1497 Epicharmi
757 1440 947 1498 pictores
979 1440 1175 1486 vasarios
1206 1439 1260 1484 ad
1291 1437 1545 1484 imitandum
1578 1450 1681 1481 con-

181 1516 353 1565 citasse,
385 1514 683 1569 Welckerus2)
713 1516 865 1570 (1826)
895 1520 1042 1559 autem
1062 1514 1228 1559 Achaei
1258 1514 1413 1557 drama
1442 1512 1679 1570 satyricum

183 1605 279 1636 esse
323 1590 485 1636 fontem
532 1589 706 1642 statuit;
754 1604 882 1646 quem
941 1590 1138 1647 sequitur
1184 1586 1467 1644 Urlichsius³)
1513 1588 1681 1644 (1835),

181 1664 438 1709 Muellerum
470 1669 615 1709 autem
648 1664 906 1722 Grysarus⁴)
945 1665 1096 1721 (1828)
1134 1669 1181 1710 et
1216 1662 1495 1719 Lorenzius⁵)
1527 1663 1681 1718 (1864)

181 1755 276 1784 cum
310 1739 653 1794 Bernhardius⁶)
680 1740 726 1783 in
756 1740 979 1785 laudanda
1009 1739 1235 1786 comoedia
1266 1738 1425 1783 Italiae
1459 1736 1683 1780 inferioris

181 1816 302 1859 dicat
332 1829 419 1859 non
448 1816 578 1860 unius
598 1815 853 1872 Epicharmi
883 1830 979 1860 esse
1010 1815 1223 1860 rationem
1245 1813 1507 1859 habendam.
1554 1811 1680 1865 Quod

181 1891 342 1935 attinet
361 1891 418 1937 ad
439 1890 654 1948 templum
675 1890 837 1935 Bacchi
859 1890 1203 1944 Atheniensium,
1224 1886 1504 1944 Kramerus⁷)
1526 1887 1680 1944 (1837)

276 2022 311 2061 1)
336 2020 473 2056 Dorier
497 2019 545 2060 H,
572 2020 641 2056 354
666 2031 717 2064 sq.
743 2039 789 2045 -

272 2080 309 2120 2)
337 2077 557 2125 Nachtriige
581 2089 646 2114 zur
671 2076 987 2124 Aeschyleisohen
1011 2076 1178 2125 Trilogie
1203 2088 1266 2125 pg·
1294 2077 1373 2114 300.
1399 2094 1443 2099 -

274 2135 309 2180 3)
334 2136 475 2172 Achaei
500 2135 729 2172 Eretriensis
754 2135 969 2183 fragmenta
993 2136 1080 2171 coll.
1106 2135 1263 2171 Bonnae
1284 2135 1385 2170 1834.
1410 2144 1473 2179 pg.
1498 2134 1542 2167 53
1568 2143 1623 2176 sq.

272 2195 310 2239 4)
337 2194 395 2231 De
419 2193 661 2231 Doriensium
686 2193 883 2232 comoedia
906 2205 968 2241 pg.
994 2195 1049 2231 45.
1077 2194 1132 2230 72.
1156 2194 1236 2230 245.
1261 2212 1305 2217 —

274 2255 313 2295 5)
337 2252 467 2289 Leben
491 2263 529 2287 u.
553 2251 745 2288 Schriften
771 2252 837 2287 des
860 2251 982 2287 Kocrs
1006 2251 1221 2298 Epicharin.
1245 2262 1309 2297 pg.
1337 2251 1416 2285 138.
1436 2270 1481 2275 —

272 2310 309 2354 6)
334 2309 403 2346 sub
419 2320 513 2347 voce
531 2308 781 2357 ‚,Epicharm“
798 2307 838 2345 in
851 2308 997 2345 Erschii
1011 2311 1051 2346 et
1062 2307 1225 2345 Gruberi
1242 2306 1510 2354 encyclopaed.
1525 2305 1682 2342 univers.
1751 2299 1755 2303 ⁴

180 2371 273 2404 tom.
290 2370 348 2404 35.
374 2379 436 2414 pg.
453 2370 510 2405 35.
536 2367 624 2404 adn.
648 2370 694 2404 25
721 2392 743 2412 „
764 2394 771 2402 .
791 2393 799 2400 .
819 2393 827 2402 .
844 2391 853 2400 .
880 2365 1067 2403 Niemaud
1083 2364 1171 2402 darf
1185 2377 1254 2400 uns
1270 2364 1338 2401 auf
1352 2375 1393 2400 so
1410 2362 1683 2401 schwankendc
1699 2371 1716 2381 ·’

181 2425 396 2473 Analogien
420 2424 486 2461 hin
511 2424 727 2470 zumuthen,
751 2423 814 2462 die
832 2423 964 2471 Quelle
988 2423 1056 2461 der
1079 2422 1309 2472 plastischen
1325 2421 1619 2469 Darstellungen
1643 2420 1683 2456 in
1721 2448 1731 2452 -

180 2486 254 2520 (len
268 2485 324 2519 Bu
330 2484 597 2529 ehnenspielen
609 2495 685 2519 von
702 2483 866 2529 Syrakus
882 2483 959 2518 und
972 2483 1079 2520 nicht
1094 2483 1216 2519 lieber
1231 2483 1271 2518 in
1284 2483 1353 2519 der
1366 2480 1683 2527 Tragikomoedic

179 2554 213 2576 u.
239 2541 312 2577 den
337 2540 582 2578 verwandten
609 2540 750 2576 Possen
775 2539 917 2577 Mittel-
944 2551 978 2574 u.
1003 2539 1274 2576 Unteritaliens
1299 2537 1584 2575 aufzusuchen.“
1608 2557 1652 2563 —

273 2601 309 2645 7)
336 2600 463 2636 Ueber
486 2599 567 2645 Styl
592 2612 627 2635 u.
652 2599 844 2635 Herkunft
868 2600 934 2637 der
960 2598 1153 2641 bemalten
1178 2596 1321 2643 griech.
1341 2596 1598 2643 Thongefasse
1621 2607 1683 2641 pg.

181 2660 234 2693 17.
260 2658 345 2693 adn.
374 2659 403 2692 1.
429 2678 474 2683 —
