1920 3216
817 170 1066 208 —ss-

197 280 381 334 factam3
413 281 537 337 cujus
568 282 632 324 rei
663 295 796 324 causa
826 281 870 324 in
903 296 953 325 eo
986 282 1304 336 continebatur,
1336 281 1450 338 quod
1473 281 1690 324 Vulcanus

196 356 394 411 dejectus
435 360 552 399 esset
591 356 633 398 in
667 360 833 399 terram
864 371 891 400 a
921 357 1106 401 Junone.
1166 356 1454 400 Nihilominus
1487 360 1630 400 autem
1662 372 1689 399 a

193 429 302 473 Jove
334 430 554 486 dejectum
587 430 828 474 Vulcanum
859 431 986 474 Plato
1016 431 1132 474 dicit.
1167 455 1218 461 —

310 504 419 547 Aliis
451 508 701 560 poematum
732 505 968 562 epicorum,
1002 510 1217 561 quatenus
1239 509 1412 548 servata
1434 508 1547 557 sunt,
1580 505 1687 548 locis

193 583 367 621 nostrae
399 578 575 623 fabulae
608 593 691 621 non
714 579 764 623 fit
785 581 958 632 mentio,
989 594 1128 635 neque
1151 580 1265 635 apud
1287 579 1523 622 Homerum
1545 593 1686 634 neque

192 653 308 708 apud
332 653 570 696 Hesiodum
602 668 739 709 neque
772 658 983 709 quantum
1016 655 1175 697 scimus
1206 654 1250 696 in
1282 653 1546 697 carminibus
1578 653 1688 708 epici

194 727 314 783 cycli.
376 728 426 770 In
458 728 615 783 hymno
637 733 782 771 autem
805 729 848 770 in
869 729 1115 783 Apollinem
1136 728 1337 784 Pythium
1358 727 1511 771 fabula
1532 727 1684 771 eodem

193 803 318 847 modo
356 802 538 846 affertur
578 817 663 858 quo
704 803 746 846 iu
779 802 932 847 Iliadis
969 802 1080 847 libro
1119 803 1485 855 duodevicesimo;
1537 816 1686 846 versus

192 882 338 921 autem
371 882 472 920 sunt
503 878 753 934 mutilati¹):

196 974 289 1012 138.
338 963 482 1025 αὐτὰρ
514 964 584 1024 ὅγ’
617 964 846 1026 ἠπεδανὸς
877 971 1054 1026 γέγονεν
1083 968 1197 1024 μετὰ
1233 971 1349 1011 πᾶσι
1379 970 1533 1010 θεοῖσι

333 1045 442 1093 παῖς
463 1039 851 1101 ἐμὸςἽΙφαιστος,
873 1043 1025 1104 ῥικνὸς
1046 1041 1204 1094 πόδας,
1227 1036 1278 1085 ὃν
1298 1041 1425 1085 τέκον
1446 1035 1572 1098 αὐτή.

765 1133 787 1157 *
928 1136 948 1157 *
1089 1133 1112 1157 ³<

329 1187 437 1251 g‘n'w'
456 1186 540 1234 ἇνά
558 1191 710 1250 χερσὶν
730 1189 897 1237 ἑλοῦσα
917 1192 995 1236 καὶ
1013 1189 1209 1248 ἔμβαλεν
1229 1186 1355 1250 εὐρέϊ
1374 1186 1549 1248 πόντῳ·

331 1262 447 1310 ἄλλά
481 1261 502 1307 ἓ
534 1268 721 1324 Νηρῆος
751 1263 959 1326 θυγάτηρ
998 1265 1132 1319 Θέτις
1163 1263 1449 1325 ἀργυρόπεζα

331 1340 492 1394 δέξατο
524 1339 600 1384 καὶ
629 1340 743 1396 μετὰ
772 1333 854 1401 ᾗσι
884 1341 1206 1402 κασσιγνήτῃσι
1235 1339 1460 1397 κόμισσεν.

306 1434 457 1477 Fuisse
489 1439 632 1477 autem
666 1439 818 1489 poetas
849 1435 993 1490 epicos
1025 1435 1099 1489 qui
1130 1434 1390 1477 comicorum
1422 1448 1539 1477 more
1562 1435 1682 1477 fabu-

188 1512 274 1553 lam
315 1509 495 1552 Vulcani
541 1509 708 1559 reducti
755 1513 1021 1552 tractassent
1066 1509 1264 1564 equidem
1306 1509 1588 1552 concluserim
1632 1524 1686 1551 ex

191 1584 596 1640 repraesentatione
628 1598 697 1634 ea,
738 1598 848 1639 quae
888 1588 955 1627 est
994 1584 1039 1626 in
1070 1598 1172 1628 vase
1204 1584 1360 1627 Clitiae
1393 1588 1437 1626 et
1468 1569 1685 1639 Erg'otimi

189 1658 607 1716 (.,l⁴‘ranqoisvase“)
647 1660 774 1714 picta.
843 1659 953 1701 Nam
994 1659 1074 1701 viri
1112 1658 1266 1713 docti2)
1295 1659 1386 1715 jam
1418 1658 1683 1702 demonstra-

187 1737 342 1775 verunt
378 1733 564 1774 aliarum
599 1734 788 1775 omnium
821 1734 1272 1788 repraesentationum
1304 1733 1466 1784 fontes,
1507 1747 1560 1775 ex
1591 1734 1683 1787 qui-

187 1809 265 1851 bus
295 1807 548 1863 Ergotimus
580 1807 788 1861 hauserit,
819 1808 863 1851 in
897 1808 1161 1852 carminibus
1193 1807 1327 1851 fuisse
1359 1807 1513 1863 epicis:
1546 1822 1683 1864 neque

186 1883 274 1925 ullo
313 1887 444 1938 pacto
491 1882 758 1938 intellegitur
797 1897 875 1925 cur
911 1885 956 1925 in
986 1883 1204 1939 pingenda
1234 1883 1362 1924 unica
1395 1897 1551 1925 scaena
1591 1888 1683 1925 tam

187 1973 322 2013 parva
353 1963 396 2000 ot
427 1962 516 2001 tam
549 1958 808 2002 secundaria
839 1958 895 2001 ad
927 1960 1057 2002 alium
1091 1959 1255 2002 fontem
1289 1958 1535 2001 recurrerit.
1570 1983 1620 1988 —

302 2034 367 2075 Ad
399 2038 597 2089 poetas
628 2034 834 2089 lyricos
866 2039 1153 2077 transeamus.
1196 2034 1333 2077 Nemo
1365 2038 1432 2076 est
1454 2033 1528 2088 qui
1554 2039 1683 2088 neget

184 2108 276 2150 fere
313 2107 460 2150 omnia
500 2122 611 2162 quae
648 2108 702 2150 de
743 2108 894 2152 fabula
936 2109 980 2150 in
1016 2109 1134 2164 poesi
1177 2109 1314 2165 lyrica
1344 2111 1535 2151 tractata
1565 2121 1681 2150 com-

183 2186 309 2238 perta
361 2182 598 2224 habeamus
644 2183 811 2226 incerta
864 2197 977 2234 esse,
1025 2197 1122 2226 cum
1169 2186 1393 2238 poetarum
1440 2182 1676 2239 lyricorum

183 2272 317 2312 opera
354 2258 544 2300 maxima
580 2272 633 2299 ex
666 2262 789 2313 parte
822 2258 1049 2314 deperdita
1080 2258 1187 2311 sint,
1227 2257 1312 2300 duo
1351 2262 1495 2300 autem
1527 2272 1677 2300 versus

182 2333 355 2384 servati,
389 2332 502 2376 alter
527 2332 709 2377 Alcaei
741 2333 852 2377 alter
875 2333 1135 2402 Sapphus,
1168 2333 1407 2376 carminum
1430 2332 1675 2388 ignotorum

274 2465 307 2511 1)
333 2466 379 2501 cf.
404 2467 447 2501 A.
467 2466 712 2507 Baumeister‚
741 2466 881 2511 Hymni
906 2466 1106 2502 Homerici.
1133 2467 1180 2501 ΙΙ.
1206 2467 1273 2505 Εἰς
1292 2464 1505 2500 Ἀπόλλωνα
1529 2464 1677 2499 Πύθιον

179 2536 211 2559 ν.
240 2526 307 2559 138
331 2536 346 2559 s
400 2550 409 2558 .
433 2544 478 2549 —-

272 2583 311 2624 2)
339 2535 396 2616 οἳ]
419 2581 460 2617 Ο.
493 2582 680 2625 Ger-,haid
712 2581 885 2617 Areliaol.
918 2582 1038 2628 Zeitg.
1075 2584 1173 2618 1849.
1205 2583 1286 2618 VII.
1318 2594 1403 2628 pag.
1429 2583 1508 2618 278.
1550 2580 1674 2621 Birch,
1733 2567 1737 2570 ι

176 2638 273 2673 Bull.
300 2637 389 2673 dell’
415 2639 506 2674 lnst.
535 2641 625 2674 1s50
650 2651 709 2684 pg.
736 2641 767 2674 8.
793 2659 839 2664 -
866 2641 907 2674 Ο.
933 2640 1045 2681 Jahn,
1072 2640 1225 2675 Einleit.
1244 2639 1266 2674 i.
1283 2639 1318 2675 d.
1337 2638 1588 2676 Vasenkunde
1613 2651 1675 2686 pg-

177 2695 274 2730 CLII
299 2708 377 2741 sqq.
404 2717 448 2721 -ν
