1920 3216
790 155 1079 194 -46-

186 282 282 311 cum
302 267 361 323 M,
383 266 441 323 N,
464 266 518 323 0,
540 266 580 311 P
612 266 879 311 decussatim
908 266 1025 310 inter
1047 280 1094 310 se
1130 272 1383 325 congruant,
1416 266 1592 311 difficile
1618 271 1685 311 est

184 344 241 387 ad
273 343 599 399 dijudicandum
632 347 777 387 utrum
812 343 856 388 N
890 347 935 386 et
965 342 1002 388 0
1033 357 1085 387 ac
1115 344 1283 400 pariter
1310 343 1351 388 P
1385 348 1430 387 et
1457 343 1521 400 M,
1555 357 1611 388 an
1642 343 1685 389 N

184 423 228 461 et
258 419 300 462 P
338 433 390 461 ac
430 420 597 473 pariter
636 418 672 463 0
715 423 758 460 et
797 418 843 462 Μ
880 418 1044 475 maJ'ore
1082 419 1406 474 propinquitate
1455 418 1685 471 conjuncta

185 495 287 537 sint.
324 519 373 526 —

303 569 371 611 Ad
402 569 481 612 has
512 572 720 623 quattuor
746 568 957 624 imagines
996 581 1132 625 prope
1176 569 1347 612 accedit
1386 568 1606 612 vasculum
1638 566 1681 612 R

183 644 401 699 (proxime
433 644 488 688 ad
521 644 591 701 P).
625 646 668 686 in
700 657 788 700 quo
819 658 930 687 nova
959 643 1101 699 figura
1131 643 1340 700 adjuncta
1370 649 1457 688 est:
1497 644 1679 700 pulchra

185 718 358 762 Baccha
401 718 609 761 cincinnis
652 723 696 760 et
734 717 895 761 hedera
936 721 1093 761 ornata
1141 733 1253 774 quae
1297 733 1454 775 agmen
1501 718 1682 770 claudit,

152 846 156 850 ‚
185 794 370 837 dextera
403 809 534 837 manu
565 794 719 847 facem,
752 794 929 837 sinistra
950 793 1197 837 oenochoen
1219 798 1410 849 portans.
1461 794 1680 837 Vulcanus

186 868 412 923 imberbiS,
460 867 742 922 adulescens,
794 867 976 921 dextera
1026 868 1223 926 thyrsum
1273 883 1452 925 gerens,
1503 869 1681 912 sinistra

184 944 389 988 malleum
429 947 474 987 et
511 942 738 1000 forcipem,
787 943 986 999 congruit
1023 957 1120 987 cum
1164 938 1357 988 Vulcano
1398 944 1438 986 in
1481 942 1546 999 P;
1587 943 1683 1000 pari

183 1020 311 1062 modo
345 1019 526 1075 Satyrus
559 1019 679 1061 tibiis
710 1032 869 1062 canens
900 1019 944 1060 in
974 1018 1018 1063 R
1047 1019 1160 1062 idem
1201 1018 1293 1062 fere
1332 1024 1399 1062 est
1436 1025 1568 1076 atque
1606 1019 1680 1062 Sa-

180 1099 306 1152 tyrus
337 1094 381 1137 in
402 1093 448 1138 Μ
473 1098 518 1137 et
538 1093 605 1147 P;
637 1107 750 1137 nova
781 1098 926 1137 autem
959 1093 1203 1138 schematis
1226 1095 1392 1152 species
1415 1094 1679 1150 conspicitur

180 1171 225 1212 in
255 1169 454 1214 Baccho:
494 1169 592 1213 vino
636 1174 842 1213 oneratus
885 1174 954 1214 est
993 1170 1108 1214 euim
1139 1170 1194 1214 ob
1227 1184 1408 1227 eamque
1445 1184 1621 1214 causam
1652 1184 1680 1213 a

185 1245 340 1301 Satyro
385 1245 604 1288 bracchiis
645 1250 886 1295 sustentus;
928 1249 1057 1301 typus
1104 1245 1196 1300 ejus
1242 1270 1291 1277 —
1344 1249 1410 1288 est
1451 1245 1678 1298 barbatus,

184 1320 348 1364 hedera
380 1324 425 1363 et
454 1320 565 1363 vitta
597 1324 642 1363 et
671 1319 812 1376 longis
855 1321 1062 1364 cincinnis
1102 1324 1302 1375 ornatus,
1339 1321 1468 1376 longo
1510 1321 1681 1364 chitone

183 1395 346 1451 duplici
377 1394 570 1448 indutus,
603 1395 799 1452 thyrsum
833 1396 1011 1438 sinistra
1042 1409 1182 1447 manu,
1213 1395 1397 1439 dextera
1425 1397 1681 1439 cantharum

188 1485 343 1526 gerens
375 1463 429 1500 '—
467 1470 636 1514 Baccho
666 1470 709 1513 in
740 1471 798 1524 M,
831 1470 888 1525 N,
921 1469 973 1525 0,
1006 1470 1046 1515 P
1077 1470 1310 1526 persimilis
1343 1475 1421 1525 est,
1451 1472 1533 1515 nisi
1565 1471 1680 1528 quod

183 1546 302 1589 deest
335 1546 491 1602 capitis
523 1546 770 1599 conversio,
813 1546 931 1601 quod
970 1545 1147 1589 schema
1183 1547 1226 1588 in
1259 1546 1502 1590 Vulcanum
1540 1551 1680 1589 trans-

182 1622 319 1665 latum
352 1625 429 1675 est,
462 1620 536 1677 qui
574 1620 618 1663 in
649 1620 692 1665 R
725 1621 1042 1678 antegreditur,
1071 1619 1180 1666 'cum
1218 1622 1262 1664 in
1301 1623 1458 1665 ceteris
1497 1621 1682 1665 vasculis

182 1696 265 1754 (M,
287 1696 349 1754 N,
373 1696 429 1752 0,
452 1695 511 1752 P)
542 1696 762 1740 Bacchum
794 1700 1013 1753 sequatur.
1052 1722 1096 1727 —
1132 1697 1299 1740 Novum
1332 1700 1478 1740 autem
1509 1696 1683 1740 schema

181 1773 226 1814 in
257 1772 300 1816 R
331 1777 552 1827 repertum
594 1798 649 1803 —
688 1771 885 1814 Bacchus
924 1771 1069 1815 ebrius
1106 1787 1134 1815 a
1172 1772 1329 1828 Satyro
1368 1775 1588 1815 sustentus
1628 1796 1679 1802 —

181 1848 300 1890 nullo
337 1848 465 1891 modo
505 1862 558 1891 ex
593 1848 748 1891 tabula
784 1847 830 1890 in
873 1846 1034 1903 templo
1072 1846 1233 1891 Bacchi
1273 1847 1573 1903 depromptum
1615 1846 1681 1888 vel

182 1923 444 1979 exscriptum
476 1926 621 1978 potest
652 1921 800 1975 esse.¹)
863 1921 1156 1974 Quamobrem
1187 1923 1225 1965 si
1254 1926 1469 1979 putamus,
1501 1936 1550 1964 re
1581 1935 1683 1964 vera

182 1998 409 2042 nonnullos
439 2012 639 2041 vasorum
672 1998 860 2054 pictores
892 1997 1045 2041 tabula
1074 1997 1151 2041 illa
1181 2011 1282 2041 usos
1304 2012 1399 2041 esse
1432 1996 1682 2052 exemplari,

180 2078 389 2128 quattuor
435 2074 577 2117 solum
624 2074 895 2116 vasculorum
944 2073 1024 2130 (M,
1068 2072 1132 2129 Ν,
1173 2072 1229 2127 0,
1268 2072 1327 2128 P)
1374 2072 1576 2116 habenda
1617 2076 1683 2114 est

181 2148 305 2200 ratio,
330 2148 484 2204 quibus
504 2163 637 2192 unum
660 2148 852 2191 nondum
875 2147 1086 2191 ineditum
1096 2144 1127 2204 ²)
1160 2146 1217 2207 (Q
1229 2145 1285 2207 Q)
1310 2146 1680 2191 adnumerandum

183 2228 259 2267 est.
330 2225 440 2268 Sunt
482 2239 585 2268 sane
632 2226 675 2267 in
714 2223 799 2284 qq
844 2224 1010 2279 figurae
1052 2223 1287 2278 primariae
1332 2249 1382 2255 —
1429 2223 1592 2266 Bacchi
1639 2227 1683 2265 et

183 2300 368 2344 Vulcani
404 2326 451 2333 -
486 2314 571 2344 non
603 2301 772 2357 positae
803 2299 945 2344 altera
970 2299 1099 2356 juxta
1129 2298 1315 2343 alteram
1347 2298 1423 2343 sed
1460 2297 1680 2343 nonnullis

180 2377 313 2419 thiasi
353 2376 504 2432 figuris
542 2381 772 2433 separatae
810 2379 945 2431 atque
983 2374 1125 2418 altera
1160 2377 1204 2418 in
1242 2375 1425 2419 adverso
1462 2375 1601 2418 alt-era
1637 2374 1679 2416 in
1738 2379 1743 2381 ’

275 2518 317 2557 1)
335 2515 383 2551 cf.
417 2527 461 2551 ea
499 2526 595 2561 quae
625 2526 739 2560 supra
768 2525 831 2560 pg.
866 2515 918 2549 18.
956 2513 1004 2549 de
1042 2513 1389 2560 repraesentatione
1430 2513 1600 2560 picturae
1641 2512 1678 2548 in

178 2574 322 2619 templo
347 2573 486 2609 Bacchi
511 2572 601 2608 dixi.
626 2593 669 2597 —

271 2635 309 2673 2)
333 2632 624 2677 Heydemannus
655 2630 746 2665 mihi
778 2630 927 2676 scripsit
958 2630 1057 2665 velle
1089 2641 1127 2663 se
1165 2629 1457 2664 delineationem
1487 2630 1527 2664 in
1557 2630 1680 2664 lucem
1743 2633 1745 2636 ⁴

179 2690 302 2726 edere.
329 2710 374 2714 --
