1920 3216
828 164 1108 203 -11-

225 276 372 324 visset,
405 290 518 330 quae
552 290 657 319 vera
678 280 795 319 esset
815 290 959 328 causa,
991 290 1068 319 cur
1089 275 1247 330 hospes
1269 275 1471 318 venisset.
1528 274 1717 318 Welcke·

224 362 301 393 rus
333 349 443 393 enim
477 348 688 406 majorem
720 348 803 391 vim
842 348 997 392 tribuit
1024 361 1235 405 personae
1260 348 1436 403 jocosae
1467 352 1599 404 atque
1618 348 1721 391 ridi-

225 425 371 476 culae,
410 425 586 478 qualem
617 425 841 467 Vulcanus
887 424 931 465 in
965 424 1147 479 Olympo
1182 424 1456 477 praebuisset
1484 425 1717 466 secundum

228 497 481 554 Epicharmi
513 496 794 551 comoediam,
829 496 898 541 his
932 496 1072 541 verbis
1087 496 1137 555 ¹):
1168 495 1307 540 Recht
1337 500 1413 554 gut
1439 497 1499 541 ist
1519 497 1588 541 die
1610 497 1718 540 Vor-

225 578 497 628 aussetzung,
534 573 636 616 dass
668 573 738 615 die
770 573 992 628 Olympier
1022 572 1146 615 ihren
1178 572 1489 627 Spassmacher
1519 574 1718 615 vermiss-

223 651 298 692 ten
329 648 418 692 und
449 647 532 691 den
564 648 781 704 Dionysos
821 647 1120 699 abschickten,
1151 662 1222 692 um
1253 647 1326 691 ihn
1357 646 1718 701 zuriickzuholen3

223 723 311 765 und
352 722 476 764 darin
507 722 612 776 liegt
642 712 880 777 al'lerdings
917 722 1019 764 eine
1051 723 1154 765 sehr
1184 714 1405 765 komische
1437 722 1720 775 Umdrehung

225 797 304 840 der
338 796 649 849 Verbaltnisse,
682 796 787 839 dass
818 797 1094 853 Hephaistos,
1129 798 1208 841 der
1238 798 1295 840 im
1327 797 1596 841 ernsthaften
1629 797 1718 853 My·

223 871 323 914 thos
362 885 438 914 zur
471 869 621 914 Strafe
657 885 737 914 aus
783 871 879 913 dem
911 871 1065 929 Olymp
1096 875 1285 928 gestiirzt
1313 872 1440 923 wird‚
1478 872 1574 914 hier
1605 872 1717 915 nach

192 947 320 989 ¹dem
360 945 671 989 Himmlischen
718 960 797 1000 gar
840 946 960 989 nicht
1000 946 1217 1002 verlangt,
1264 947 1451 990 sondern
1489 947 1605 989 sichs
1643 947 1722 990 auf

228 1020 373 1064 Erden
412 1020 536 1064 recht
565 1024 643 1076 gut
676 1019 861 1076 gesallen
893 1020 1001 1064 lasst
1030 1020 1120 1063 und
1150 1020 1240 1064 sich
1279 1020 1454 1077 weigert
1482 1020 1716 1064 zuriickzu-

223 1095 413 1143 kehren,
454 1110 502 1137 so
547 1097 649 1138 dass
690 1097 760 1139 die
792 1096 949 1138 Gotter
985 1096 1068 1138 den
1099 1096 1312 1151 Dionysos
1349 1097 1437 1138 und
1473 1096 1611 1138 durch
1642 1096 1716 1138 ihn

224 1169 443 1213 vielleicht
475 1169 554 1213 das
586 1170 742 1221 Mittel,
776 1168 961 1212 welches
992 1169 1061 1212 bei
1092 1169 1190 1213 dem
1222 1170 1341 1213 alten
1371 1169 1713 1213 Weinschenken

223 1245 343 1287 nicht
384 1244 681 1300 fehlschlagen
720 1244 906 1295 konnte‘,
944 1259 996 1286 zu
1028 1245 1156 1287 Hiilfe
1194 1260 1246 1287 zu
1276 1245 1461 1287 nehmen
1492 1246 1717 1300 genothigt

225 1323 407 1363 wa1·en.“
468 1319 597 1371 Haud
636 1319 725 1361 scio
764 1333 820 1362 an
863 1333 949 1361 non
992 1319 1145 1362 inutile
1184 1319 1241 1362 sit
1271 1333 1425 1362 novam
1456 1318 1620 1362 addere
1650 1320 1718 1362 his

224 1392 508 1449 conjecturis3
562 1392 645 1437 hoc
694 1397 840 1435 autem
884 1406 964 1449 per
1002 1408 1048 1436 se
1090 1398 1232 1448 patet,
1280 1394 1433 1436 drama
1482 1395 1715 1450 satyricum

226 1468 387 1511 Achaei
431 1468 469 1511 si
509 1482 559 1511 eo
598 1467 749 1518 modo,
794 1481 917 1521 quem
949 1466 1190 1510 Urlichsius
1226 1467 1430 1523 protulit,
1472 1468 1713 1511 institutum

222 1543 320 1595 fuit,
368 1542 424 1585 ab
455 1541 540 1585 illis
578 1542 823 1585 Siculorum
871 1542 1122 1594 comoediis,
1169 1556 1278 1598 quas
1321 1546 1471 1584 nostro
1517 1556 1715 1585 sermone

210 1617 522 1677 „Travcstien·‘
556 1617 852 1672 appellamus,
890 1617 981 1659 fere
1014 1617 1131 1660 nullo
1163 1617 1290 1659 modo
1322 1617 1537 1659 diversum
1568 1617 1714 1659 fuisse.

219 1692 417 1735 Achaeus
454 1693 589 1748 igitur
630 1707 708 1748 pro
748 1692 975 1735 imitatore
1007 1691 1258 1748 Epicharmi
1288 1691 1514 1735 habendus
1545 1697 1612 1735 est
1642 1695 1714 1747 qui

222 1768 490 1811 comoediam
522 1768 637 1811 illius
660 1768 906 1811 Atticorum
933 1766 1134 1818 dialecto,
1164 1767 1417 1819 urbanitati,
1448 1768 1622 1823 ingenio
1643 1783 1714 1812 ac-

219 1843 522 1887 comodaverit.
585 1842 833 1897 Epicharmi
875 1845 942 1884 est
985 1842 1186 1885 meritum
1223 1843 1340 1897 quod
1381 1842 1571 1885 fabulam
1613 1843 1714 1885 Vul-

219 1918 316 1959 cani
346 1919 509 1972 primus
542 1918 586 1960 in
618 1931 821 1960 scaenam
853 1917 1037 1961 induxit.
1098 1917 1265 1960 Titulus
1295 1921 1434 1960 autem
1459 1915 1714 1970 Κωμασταί

219 1992 437 2035 invenitur
482 1996 709 2048 praeterea
752 1992 868 2048 apud
915 1996 1121 2047 quattuor
1156 1995 1311 2047 poetas
1350 1991 1553 2043 comicos,
1600 1992 1712 2047 apud

220 2066 475 2123 Amipsiain,
508 2067 812 2124 Phrynichum,
846 2066 1123 2120 Eubulidem,
1155 2065 1416 2123 Philippum.
1467 2066 1533 2109 Ex
1554 2067 1713 2122 quibus

219 2140 328 2184 sitne
367 2156 479 2184 unus
515 2142 583 2184 vel
620 2142 731 2184 alter
761 2142 957 2184 imitatus
1000 2141 1325 2197 Epicharmum,
1367 2141 1596 2196 dijudicari
1627 2156 1712 2184 non

220 2220 370 2270 potest.
434 2216 636 2261 Attamen
674 2217 786 2259 inter
823 2231 971 2260 omnes
994 2217 1127 2259 -viros
1167 2215 1316 2259 doctos
1354 2219 1524 2260 constat
1563 2231 1711 2259 omnes

219 2290 428 2342 comicos,
476 2292 549 2346 qui
591 2291 634 2334 in
680 2290 808 2334 Italia
858 2290 1062 2334 inferiore
1109 2289 1353 2341 floruerint,
1406 2290 1707 2346 Epicharmum

217 2365 462 2409 aemulatos
494 2381 587 2410 esse
597 2365 640 2421 ²).
688 2367 785 2418 Qua
817 2370 998 2421 propter
1027 2365 1120 2409 fieri
1143 2367 1283 2421 potuit
1306 2371 1354 2409 ut
1375 2366 1522 2410 fabula
1542 2362 1709 2421 ἹΔφαι-

308 2562 341 2602 1,
366 2562 502 2599 Kleine
527 2563 714 2599 Schriften
740 2564 767 2598 Ι.
792 2575 853 2609 pg.
880 2565 948 2599 293
974 2575 1025 2608 sq.
1051 2584 1097 2589 -—

313 2621 348 2664 2)
374 2620 420 2655 cf.
446 2621 534 2655 Hor.
559 2620 678 2666 Epist.
703 2620 751 2661 11,
782 2621 811 2660 1,
837 2622 892 2657 58.
940 2621 1089 2657 Dicitur
1112 2622 1267 2657 Plautus
1298 2622 1346 2657 ad
1378 2624 1568 2670 exemplar
1594 2623 1706 2658 Siculi

217 2687 423 2723 properare
448 2677 675 2724 Epicharmi.
693 2696 737 2702 —-
