<?xml version="1.0" encoding="UTF-8"?>
<!DOCTYPE html PUBLIC "-//W3C//DTD XHTML 1.0 Transitional//EN"
    "http://www.w3.org/TR/xhtml1/DTD/xhtml1-transitional.dtd">
<html xmlns="http://www.w3.org/1999/xhtml" xml:lang="en" lang="en">
 <head>
  <title>
</title>
<meta http-equiv="Content-Type" content="text/html;charset=utf-8" />
  <meta name='ocr-system' content='tesseract 3.04.00' />
  <meta name='ocr-capabilities' content='ocr_page ocr_carea ocr_par ocr_line ocrx_word'/>
</head>
<body>
  <div class='ocr_page' id='page_1' title='image "4738126_0022.png"; bbox 0 0 1920 3216; ppageno 0'>
   <div class='ocr_carea' id='block_1_1' title="bbox 792 142 1078 181">
    <p class='ocr_par' dir='ltr' id='par_1_1' title="bbox 792 142 1078 181">
     <span class='ocr_line' id='line_1_1' title="bbox 792 142 1078 181; baseline -0.003 -10"><span class='ocrx_word' id='word_1_1' title='bbox 792 142 1078 181; x_wconf 71' lang='lat'>-14—</span> 
     </span>
    </p>
   </div>
   <div class='ocr_carea' id='block_1_2' title="bbox 174 253 1685 2403">
    <p class='ocr_par' dir='ltr' id='par_1_2' title="bbox 174 253 1685 2403">
     <span class='ocr_line' id='line_1_2' title="bbox 186 253 1682 311; baseline 0.001 -15"><span class='ocrx_word' id='word_1_2' title='bbox 186 253 426 309; x_wconf 80' lang='lat' dir='ltr'><strong>desumptis</strong></span> <span class='ocrx_word' id='word_1_3' title='bbox 470 281 528 287; x_wconf 90' lang='lat'><strong>—</strong></span> <span class='ocrx_word' id='word_1_4' title='bbox 574 269 687 310; x_wconf 88' lang='lat' dir='ltr'>quae</span> <span class='ocrx_word' id='word_1_5' title='bbox 728 254 877 310; x_wconf 90' lang='lat' dir='ltr'>templi</span> <span class='ocrx_word' id='word_1_6' title='bbox 921 254 1164 311; x_wconf 87' lang='lat' dir='ltr'>parietibus</span> <span class='ocrx_word' id='word_1_7' title='bbox 1211 255 1359 299; x_wconf 84' lang='lat' dir='ltr'>adfixa</span> <span class='ocrx_word' id='word_1_8' title='bbox 1403 255 1538 300; x_wconf 86' lang='lat' dir='ltr'>fuisse</span> <span class='ocrx_word' id='word_1_9' title='bbox 1578 256 1682 299; x_wconf 89' lang='lat' dir='ltr'>mihi</span> 
     </span>
     <span class='ocr_line' id='line_1_3' title="bbox 186 328 1685 384; baseline 0.001 -14"><span class='ocrx_word' id='word_1_10' title='bbox 186 342 442 383; x_wconf 88' lang='lat' dir='ltr'>persuasum</span> <span class='ocrx_word' id='word_1_11' title='bbox 474 335 541 373; x_wconf 91' lang='lat' dir='ltr'>est</span> <span class='ocrx_word' id='word_1_12' title='bbox 576 356 625 360; x_wconf 98' lang='lat'><strong>—</strong></span> <span class='ocrx_word' id='word_1_13' title='bbox 660 328 942 384; x_wconf 87' lang='lat' dir='ltr'>Pausanias¹)</span> <span class='ocrx_word' id='word_1_14' title='bbox 974 328 1041 371; x_wconf 89' lang='lat' dir='ltr'>his</span> <span class='ocrx_word' id='word_1_15' title='bbox 1076 329 1216 372; x_wconf 90' lang='lat' dir='ltr'>verbis</span> <span class='ocrx_word' id='word_1_16' title='bbox 1240 330 1574 374; x_wconf 87' lang='lat' dir='ltr'>describit.....</span> <span class='ocrx_word' id='word_1_17' title='bbox 1608 330 1685 373; x_wconf 80' lang='grc' dir='ltr'>καὶ</span> 
     </span>
     <span class='ocr_line' id='line_1_4' title="bbox 174 397 1683 464; baseline 0.002 -19"><span class='ocrx_word' id='word_1_18' title='bbox 174 399 436 461; x_wconf 61' lang='grc' dir='ltr'><em>’Ἡφαιστος</em></span> <span class='ocrx_word' id='word_1_19' title='bbox 466 403 548 463; x_wconf 76' lang='grc' dir='ltr'>τὴν</span> <span class='ocrx_word' id='word_1_20' title='bbox 575 405 749 464; x_wconf 78' lang='grc' dir='ltr'><strong><em>μητέρα</em></strong></span> <span class='ocrx_word' id='word_1_21' title='bbox 782 401 901 447; x_wconf 76' lang='grc' dir='ltr'><em>ἐστὶν</em></span> <span class='ocrx_word' id='word_1_22' title='bbox 931 397 1150 446; x_wconf 69' lang='grc' dir='ltr'><em>ἀπολύων</em></span> <span class='ocrx_word' id='word_1_23' title='bbox 1178 404 1268 446; x_wconf 78' lang='grc' dir='ltr'>τῶν</span> <span class='ocrx_word' id='word_1_24' title='bbox 1304 404 1492 459; x_wconf 79' lang='grc' dir='ltr'><em>δεσμῶν.</em></span> <span class='ocrx_word' id='word_1_25' title='bbox 1562 406 1683 458; x_wconf 84' lang='lat' dir='ltr'>Qua-e</span> 
     </span>
     <span class='ocr_line' id='line_1_5' title="bbox 186 474 1679 534; baseline 0.003 -15"><span class='ocrx_word' id='word_1_26' title='bbox 186 477 322 521; x_wconf 85' lang='lat' dir='ltr'>verba</span> <span class='ocrx_word' id='word_1_27' title='bbox 352 482 441 522; x_wconf 89' lang='lat' dir='ltr'>tam</span> <span class='ocrx_word' id='word_1_28' title='bbox 474 479 605 534; x_wconf 86' lang='lat' dir='ltr'>plana</span> <span class='ocrx_word' id='word_1_29' title='bbox 635 484 679 522; x_wconf 92' lang='lat' dir='ltr'>et</span> <span class='ocrx_word' id='word_1_30' title='bbox 710 474 904 522; x_wconf 83' lang='lat' dir='ltr'>dilucida</span> <span class='ocrx_word' id='word_1_31' title='bbox 935 481 1048 529; x_wconf 87' lang='lat' dir='ltr'>sunt,</span> <span class='ocrx_word' id='word_1_32' title='bbox 1079 483 1128 521; x_wconf 88' lang='lat' dir='ltr'>ut</span> <span class='ocrx_word' id='word_1_33' title='bbox 1159 479 1335 523; x_wconf 88' lang='lat' dir='ltr'>credere</span> <span class='ocrx_word' id='word_1_34' title='bbox 1365 479 1495 523; x_wconf 87' lang='lat' dir='ltr'>liceat</span> <span class='ocrx_word' id='word_1_35' title='bbox 1516 479 1679 523; x_wconf 90' lang='lat' dir='ltr'>nullam</span> 
     </span>
     <span class='ocr_line' id='line_1_6' title="bbox 186 546 1681 610; baseline 0.002 -15"><span class='ocrx_word' id='word_1_36' title='bbox 186 551 361 596; x_wconf 86' lang='lat' dir='ltr'>fabulae</span> <span class='ocrx_word' id='word_1_37' title='bbox 393 568 595 597; x_wconf 84' lang='lat' dir='ltr'>scaenam</span> <span class='ocrx_word' id='word_1_38' title='bbox 618 557 991 610; x_wconf 79' lang='lat' dir='ltr'>repraesentatam</span> <span class='ocrx_word' id='word_1_39' title='bbox 1024 553 1157 596; x_wconf 86' lang='lat' dir='ltr'>fuisse</span> <span class='ocrx_word' id='word_1_40' title='bbox 1189 553 1271 596; x_wconf 91' lang='lat' dir='ltr'>nisi</span> <span class='ocrx_word' id='word_1_41' title='bbox 1291 546 1474 598; x_wconf 87' lang='lat' dir='ltr'>Junonis</span> <span class='ocrx_word' id='word_1_42' title='bbox 1505 554 1681 599; x_wconf 88' lang='lat' dir='ltr'>solutio-</span> 
     </span>
     <span class='ocr_line' id='line_1_7' title="bbox 184 628 1684 684; baseline 0.002 -16"><span class='ocrx_word' id='word_1_43' title='bbox 184 641 302 680; x_wconf 85' lang='lat' dir='ltr'>nem3</span> <span class='ocrx_word' id='word_1_44' title='bbox 346 628 612 672; x_wconf 85' lang='lat' dir='ltr'>refellendus</span> <span class='ocrx_word' id='word_1_45' title='bbox 652 629 787 684; x_wconf 84' lang='lat' dir='ltr'>igitur</span> <span class='ocrx_word' id='word_1_46' title='bbox 826 629 900 682; x_wconf 84' lang='lat' dir='ltr'>sit,</span> <span class='ocrx_word' id='word_1_47' title='bbox 947 629 983 671; x_wconf 92' lang='lat' dir='ltr'>si</span> <span class='ocrx_word' id='word_1_48' title='bbox 1022 628 1120 683; x_wconf 91' lang='lat' dir='ltr'>quis</span> <span class='ocrx_word' id='word_1_49' title='bbox 1161 628 1279 672; x_wconf 90' lang='lat' dir='ltr'>dicat</span> <span class='ocrx_word' id='word_1_50' title='bbox 1309 630 1592 683; x_wconf 82' lang='lat' dir='ltr'><strong>Pausaniam,</strong></span> <span class='ocrx_word' id='word_1_51' title='bbox 1635 635 1684 672; x_wconf 90' lang='lat' dir='ltr'>ut</span> 
     </span>
     <span class='ocr_line' id='line_1_8' title="bbox 185 702 1683 761; baseline 0.003 -18"><span class='ocrx_word' id='word_1_52' title='bbox 185 702 321 745; x_wconf 88' lang='lat' dir='ltr'>totius</span> <span class='ocrx_word' id='word_1_53' title='bbox 340 702 515 747; x_wconf 83' lang='lat' dir='ltr'>fabulae</span> <span class='ocrx_word' id='word_1_54' title='bbox 539 704 907 761; x_wconf 86' lang='lat' dir='ltr'>(Mythencyclus)</span> <span class='ocrx_word' id='word_1_55' title='bbox 933 704 1380 759; x_wconf 79' lang='lat' dir='ltr'>repraesentationem</span> <span class='ocrx_word' id='word_1_56' title='bbox 1407 704 1683 760; x_wconf 84' lang='lat' dir='ltr'>significaret,</span> 
     </span>
     <span class='ocr_line' id='line_1_9' title="bbox 184 777 1682 835; baseline 0.003 -17"><span class='ocrx_word' id='word_1_57' title='bbox 184 777 379 819; x_wconf 83' lang='lat' dir='ltr'>ultimam</span> <span class='ocrx_word' id='word_1_58' title='bbox 405 782 575 821; x_wconf 88' lang='lat' dir='ltr'>tantum</span> <span class='ocrx_word' id='word_1_59' title='bbox 599 792 802 822; x_wconf 82' lang='lat' dir='ltr'>scaenam</span> <span class='ocrx_word' id='word_1_60' title='bbox 823 777 1035 821; x_wconf 89' lang='lat' dir='ltr'>attulisse.</span> <span class='ocrx_word' id='word_1_61' title='bbox 1078 778 1188 821; x_wconf 88' lang='lat' dir='ltr'>Nam</span> <span class='ocrx_word' id='word_1_62' title='bbox 1212 792 1265 821; x_wconf 84' lang='lat' dir='ltr'>ex</span> <span class='ocrx_word' id='word_1_63' title='bbox 1284 779 1338 821; x_wconf 90' lang='lat' dir='ltr'>iis</span> <span class='ocrx_word' id='word_1_64' title='bbox 1360 793 1544 835; x_wconf 90' lang='lat' dir='ltr'>quoque,</span> <span class='ocrx_word' id='word_1_65' title='bbox 1570 794 1682 835; x_wconf 90' lang='lat' dir='ltr'>quae</span> 
     </span>
     <span class='ocr_line' id='line_1_10' title="bbox 186 850 1685 910; baseline 0.003 -18"><span class='ocrx_word' id='word_1_66' title='bbox 186 850 240 893; x_wconf 92' lang='lat' dir='ltr'>de</span> <span class='ocrx_word' id='word_1_67' title='bbox 272 851 433 895; x_wconf 87' lang='lat' dir='ltr'>Perseo</span> <span class='ocrx_word' id='word_1_68' title='bbox 466 857 703 895; x_wconf 87' lang='lat' dir='ltr'>narrantur</span> <span class='ocrx_word' id='word_1_69' title='bbox 736 868 868 896; x_wconf 91' lang='lat' dir='ltr'>unum</span> <span class='ocrx_word' id='word_1_70' title='bbox 900 857 1068 897; x_wconf 85' lang='lat' dir='ltr'>tantum</span> <span class='ocrx_word' id='word_1_71' title='bbox 1102 853 1261 896; x_wconf 85' lang='lat' dir='ltr'>factum</span> <span class='ocrx_word' id='word_1_72' title='bbox 1303 858 1400 897; x_wconf 84' lang='lat' dir='ltr'>erat</span> <span class='ocrx_word' id='word_1_73' title='bbox 1430 868 1685 910; x_wconf 84' lang='lat' dir='ltr'>repraesen-</span> 
     </span>
     <span class='ocr_line' id='line_1_11' title="bbox 182 926 1682 984; baseline 0.002 -17"><span class='ocrx_word' id='word_1_74' title='bbox 182 930 324 968; x_wconf 89' lang='lat' dir='ltr'>tatum</span> <span class='ocrx_word' id='word_1_75' title='bbox 357 926 401 968; x_wconf 91' lang='lat' dir='ltr'>in</span> <span class='ocrx_word' id='word_1_76' title='bbox 434 926 679 982; x_wconf 81' lang='lat' dir='ltr'>anaglypho</span> <span class='ocrx_word' id='word_1_77' title='bbox 710 927 848 970; x_wconf 87' lang='lat' dir='ltr'>altero</span> <span class='ocrx_word' id='word_1_78' title='bbox 881 942 907 970; x_wconf 87' lang='lat' dir='ltr'>a</span> <span class='ocrx_word' id='word_1_79' title='bbox 938 926 1118 970; x_wconf 90' lang='lat' dir='ltr'>Gitiada</span> <span class='ocrx_word' id='word_1_80' title='bbox 1149 942 1202 971; x_wconf 91' lang='lat' dir='ltr'>ex</span> <span class='ocrx_word' id='word_1_81' title='bbox 1233 943 1335 972; x_wconf 84' lang='lat' dir='ltr'>aere</span> <span class='ocrx_word' id='word_1_82' title='bbox 1376 928 1589 984; x_wconf 76' lang='lat' dir='ltr'>perfecto,</span> <span class='ocrx_word' id='word_1_83' title='bbox 1628 928 1682 971; x_wconf 85' lang='lat' dir='ltr'>de</span> 
     </span>
     <span class='ocr_line' id='line_1_12' title="bbox 183 1001 1683 1060; baseline 0.001 -16"><span class='ocrx_word' id='word_1_84' title='bbox 183 1016 268 1058; x_wconf 90' lang='lat' dir='ltr'>quo</span> <span class='ocrx_word' id='word_1_85' title='bbox 310 1002 532 1058; x_wconf 77' lang='lat' dir='ltr'>periegeta</span> <span class='ocrx_word' id='word_1_86' title='bbox 571 1001 752 1044; x_wconf 89' lang='lat' dir='ltr'>subinde</span> <span class='ocrx_word' id='word_1_87' title='bbox 783 1003 846 1045; x_wconf 89' lang='lat' dir='ltr'>sic</span> <span class='ocrx_word' id='word_1_88' title='bbox 885 1002 1099 1058; x_wconf 90' lang='lat' dir='ltr'>loquitur:</span> <span class='ocrx_word' id='word_1_89' title='bbox 1152 1004 1325 1060; x_wconf 81' lang='grc' dir='ltr'><em>Περσεῖ</em></span> <span class='ocrx_word' id='word_1_90' title='bbox 1358 1002 1396 1045; x_wconf 83' lang='grc' dir='ltr'>δ’</span> <span class='ocrx_word' id='word_1_91' title='bbox 1427 1001 1474 1055; x_wconf 79' lang='grc' dir='ltr'>ἐς</span> <span class='ocrx_word' id='word_1_92' title='bbox 1505 1001 1683 1060; x_wconf 75' lang='grc' dir='ltr'><em>Διβύην</em></span> 
     </span>
     <span class='ocr_line' id='line_1_13' title="bbox 180 1072 1683 1136; baseline 0.002 -19"><span class='ocrx_word' id='word_1_93' title='bbox 180 1075 256 1119; x_wconf 81' lang='grc' dir='ltr'>καὶ</span> <span class='ocrx_word' id='word_1_94' title='bbox 295 1073 374 1120; x_wconf 80' lang='grc' dir='ltr'>ἐπὶ</span> <span class='ocrx_word' id='word_1_95' title='bbox 412 1076 656 1119; x_wconf 76' lang='grc' dir='ltr'><em>Μέδουσαν</em></span> <span class='ocrx_word' id='word_1_96' title='bbox 688 1072 937 1135; x_wconf 76' lang='grc' dir='ltr'>ὡρμημένῳ</span> <span class='ocrx_word' id='word_1_97' title='bbox 970 1076 1180 1119; x_wconf 79' lang='grc' dir='ltr'><em>διδοῦσαι</em></span> <span class='ocrx_word' id='word_1_98' title='bbox 1222 1075 1395 1136; x_wconf 79' lang='grc' dir='ltr'><em>νύμφαι</em></span> <span class='ocrx_word' id='word_1_99' title='bbox 1434 1074 1560 1136; x_wconf 81' lang='grc' dir='ltr'><em>δῶρά</em></span> <span class='ocrx_word' id='word_1_100' title='bbox 1596 1074 1683 1120; x_wconf 84' lang='grc' dir='ltr'><em>εἶσι</em></span> 
     </span>
     <span class='ocr_line' id='line_1_14' title="bbox 181 1142 1682 1209; baseline 0.001 -17"><span class='ocrx_word' id='word_1_101' title='bbox 181 1153 315 1208; x_wconf 76' lang='grc' dir='ltr'><strong><em>κυνῆν</em></strong></span> <span class='ocrx_word' id='word_1_102' title='bbox 371 1167 427 1194; x_wconf 82' lang='grc' dir='ltr'>κα</span> <span class='ocrx_word' id='word_1_103' title='bbox 499 1150 554 1194; x_wconf 78' lang='grc' dir='ltr'>τὰ</span> <span class='ocrx_word' id='word_1_104' title='bbox 609 1148 904 1208; x_wconf 68' lang='grc' dir='ltr'><em>ὑποδήματα,</em></span> <span class='ocrx_word' id='word_1_105' title='bbox 968 1145 1051 1208; x_wconf 74' lang='grc' dir='ltr'>ὑφ’</span> <span class='ocrx_word' id='word_1_106' title='bbox 1113 1142 1175 1193; x_wconf 76' lang='grc' dir='ltr'>ὧν</span> <span class='ocrx_word' id='word_1_107' title='bbox 1232 1148 1542 1209; x_wconf 69' lang='grc' dir='ltr'><em>οἰσθήσεσθαι</em></span> <span class='ocrx_word' id='word_1_108' title='bbox 1605 1151 1682 1194; x_wconf 78' lang='grc' dir='ltr'>διὰ</span> 
     </span>
     <span class='ocr_line' id='line_1_15' title="bbox 182 1220 1680 1284; baseline 0.001 -17"><span class='ocrx_word' id='word_1_109' title='bbox 182 1227 263 1268; x_wconf 80' lang='grc' dir='ltr'>τοῦ</span> <span class='ocrx_word' id='word_1_110' title='bbox 306 1220 442 1284; x_wconf 75' lang='grc' dir='ltr'><em>ἀέρος</em></span> <span class='ocrx_word' id='word_1_111' title='bbox 480 1221 674 1281; x_wconf 58' lang='grc' dir='ltr'><strong><em>ὲζιιελλεν.</em></strong></span> <span class='ocrx_word' id='word_1_112' title='bbox 720 1251 774 1256; x_wconf 84' lang='lat'>——</span> <span class='ocrx_word' id='word_1_113' title='bbox 823 1226 1048 1277; x_wconf 85' lang='lat' dir='ltr'>Quomodo</span> <span class='ocrx_word' id='word_1_114' title='bbox 1089 1231 1234 1269; x_wconf 84' lang='lat' dir='ltr'>autem</span> <span class='ocrx_word' id='word_1_115' title='bbox 1274 1225 1520 1282; x_wconf 81' lang='lat' dir='ltr'>anaglypha</span> <span class='ocrx_word' id='word_1_116' title='bbox 1563 1226 1680 1269; x_wconf 85' lang='lat' dir='ltr'>facta</span> 
     </span>
     <span class='ocr_line' id='line_1_16' title="bbox 183 1300 1676 1356; baseline -0.001 -13"><span class='ocrx_word' id='word_1_117' title='bbox 183 1300 468 1356; x_wconf 87' lang='lat' dir='ltr'>singulaeque</span> <span class='ocrx_word' id='word_1_118' title='bbox 510 1300 678 1356; x_wconf 80' lang='lat' dir='ltr'>figurae</span> <span class='ocrx_word' id='word_1_119' title='bbox 718 1301 983 1356; x_wconf 81' lang='lat' dir='ltr'>compositae</span> <span class='ocrx_word' id='word_1_120' title='bbox 1026 1300 1205 1353; x_wconf 81' lang='lat' dir='ltr'>fuerint,</span> <span class='ocrx_word' id='word_1_121' title='bbox 1245 1315 1324 1343; x_wconf 88' lang='lat' dir='ltr'>nec</span> <span class='ocrx_word' id='word_1_122' title='bbox 1361 1305 1553 1343; x_wconf 82' lang='lat' dir='ltr'>statuere</span> <span class='ocrx_word' id='word_1_123' title='bbox 1598 1314 1676 1342; x_wconf 91' lang='lat' dir='ltr'>nec</span> 
     </span>
     <span class='ocr_line' id='line_1_17' title="bbox 183 1375 1680 1431; baseline -0.001 -14"><span class='ocrx_word' id='word_1_124' title='bbox 183 1376 399 1431; x_wconf 82' lang='lat' dir='ltr'>conjicere</span> <span class='ocrx_word' id='word_1_125' title='bbox 438 1375 526 1417; x_wconf 91' lang='lat' dir='ltr'>ullo</span> <span class='ocrx_word' id='word_1_126' title='bbox 564 1375 691 1416; x_wconf 86' lang='lat' dir='ltr'>modo</span> <span class='ocrx_word' id='word_1_127' title='bbox 730 1388 988 1430; x_wconf 87' lang='lat' dir='ltr'>possumus,</span> <span class='ocrx_word' id='word_1_128' title='bbox 1029 1376 1232 1430; x_wconf 89' lang='lat' dir='ltr'>quoniam</span> <span class='ocrx_word' id='word_1_129' title='bbox 1272 1375 1392 1418; x_wconf 89' lang='lat' dir='ltr'>nulla</span> <span class='ocrx_word' id='word_1_130' title='bbox 1428 1375 1552 1417; x_wconf 90' lang='lat' dir='ltr'>nobis</span> <span class='ocrx_word' id='word_1_131' title='bbox 1590 1389 1680 1417; x_wconf 87' lang='lat' dir='ltr'>ser-</span> 
     </span>
     <span class='ocr_line' id='line_1_18' title="bbox 182 1449 1675 1506; baseline -0.001 -14"><span class='ocrx_word' id='word_1_132' title='bbox 182 1455 285 1493; x_wconf 83' lang='lat' dir='ltr'>vata</span> <span class='ocrx_word' id='word_1_133' title='bbox 317 1455 419 1493; x_wconf 90' lang='lat' dir='ltr'>sunt</span> <span class='ocrx_word' id='word_1_134' title='bbox 449 1450 640 1506; x_wconf 86' lang='lat' dir='ltr'>ejusdem</span> <span class='ocrx_word' id='word_1_135' title='bbox 673 1449 880 1504; x_wconf 84' lang='lat' dir='ltr'>temporis</span> <span class='ocrx_word' id='word_1_136' title='bbox 911 1454 1202 1500; x_wconf 89' lang='lat' dir='ltr'>monumenta,</span> <span class='ocrx_word' id='word_1_137' title='bbox 1237 1450 1395 1505; x_wconf 89' lang='lat' dir='ltr'>quibus</span> <span class='ocrx_word' id='word_1_138' title='bbox 1427 1455 1604 1493; x_wconf 92' lang='lat' dir='ltr'>utamur</span> <span class='ocrx_word' id='word_1_139' title='bbox 1634 1450 1675 1491; x_wconf 84' lang='lat' dir='ltr'>in</span> 
     </span>
     <span class='ocr_line' id='line_1_19' title="bbox 183 1522 1678 1582; baseline -0.003 -13"><span class='ocrx_word' id='word_1_140' title='bbox 183 1525 460 1582; x_wconf 86' lang='lat' dir='ltr'>explananda</span> <span class='ocrx_word' id='word_1_141' title='bbox 490 1525 661 1569; x_wconf 89' lang='lat' dir='ltr'>ratione</span> <span class='ocrx_word' id='word_1_142' title='bbox 695 1528 740 1567; x_wconf 91' lang='lat' dir='ltr'>et</span> <span class='ocrx_word' id='word_1_143' title='bbox 774 1524 1084 1581; x_wconf 85' lang='lat' dir='ltr'>compositione</span> <span class='ocrx_word' id='word_1_144' title='bbox 1115 1523 1471 1581; x_wconf 87' lang='lat' dir='ltr'>anaglyphorum.</span> <span class='ocrx_word' id='word_1_145' title='bbox 1514 1549 1568 1555; x_wconf 92' lang='lat'>—-</span> <span class='ocrx_word' id='word_1_146' title='bbox 1606 1522 1678 1566; x_wconf 89' lang='lat' dir='ltr'>Al-</span> 
     </span>
     <span class='ocr_line' id='line_1_20' title="bbox 181 1599 1676 1656; baseline -0.001 -13"><span class='ocrx_word' id='word_1_147' title='bbox 181 1605 320 1643; x_wconf 90' lang='lat' dir='ltr'>terum</span> <span class='ocrx_word' id='word_1_148' title='bbox 354 1605 694 1653; x_wconf 85' lang='lat' dir='ltr'>monumentum,</span> <span class='ocrx_word' id='word_1_149' title='bbox 728 1600 843 1655; x_wconf 91' lang='lat' dir='ltr'>quod</span> <span class='ocrx_word' id='word_1_150' title='bbox 874 1600 959 1642; x_wconf 93' lang='lat' dir='ltr'>huc</span> <span class='ocrx_word' id='word_1_151' title='bbox 989 1600 1193 1656; x_wconf 85' lang='lat' dir='ltr'>pertinet,</span> <span class='ocrx_word' id='word_1_152' title='bbox 1227 1608 1293 1643; x_wconf 89' lang='lat' dir='ltr'>est</span> <span class='ocrx_word' id='word_1_153' title='bbox 1325 1599 1676 1655; x_wconf 85' lang='lat' dir='ltr'>anaglyphum</span> 
     </span>
     <span class='ocr_line' id='line_1_21' title="bbox 180 1672 1675 1731; baseline -0.002 -13"><span class='ocrx_word' id='word_1_154' title='bbox 180 1676 234 1717; x_wconf 87' lang='lat' dir='ltr'>in</span> <span class='ocrx_word' id='word_1_155' title='bbox 282 1676 415 1718; x_wconf 92' lang='lat' dir='ltr'>solio</span> <span class='ocrx_word' id='word_1_156' title='bbox 462 1674 723 1731; x_wconf 88' lang='lat' dir='ltr'>Apollinis</span> <span class='ocrx_word' id='word_1_157' title='bbox 770 1675 1046 1729; x_wconf 82' lang='lat' dir='ltr'>Amyclaei</span> <span class='ocrx_word' id='word_1_158' title='bbox 1089 1688 1114 1716; x_wconf 88' lang='lat' dir='ltr'>a</span> <span class='ocrx_word' id='word_1_159' title='bbox 1159 1674 1369 1731; x_wconf 84' lang='lat' dir='ltr'>Bathycle</span> <span class='ocrx_word' id='word_1_160' title='bbox 1416 1672 1675 1730; x_wconf 86' lang='lat' dir='ltr'>Magnesio²)</span> 
     </span>
     <span class='ocr_line' id='line_1_22' title="bbox 181 1747 1676 1805; baseline -0.001 -14"><span class='ocrx_word' id='word_1_161' title='bbox 181 1750 357 1792; x_wconf 82' lang='lat' dir='ltr'>factum.</span> <span class='ocrx_word' id='word_1_162' title='bbox 420 1750 555 1805; x_wconf 86' lang='lat' dir='ltr'>Cujus</span> <span class='ocrx_word' id='word_1_163' title='bbox 588 1750 733 1805; x_wconf 90' lang='lat' dir='ltr'>operis</span> <span class='ocrx_word' id='word_1_164' title='bbox 763 1749 983 1791; x_wconf 87' lang='lat' dir='ltr'>notionem</span> <span class='ocrx_word' id='word_1_165' title='bbox 1016 1748 1120 1791; x_wconf 94' lang='lat' dir='ltr'>nulli</span> <span class='ocrx_word' id='word_1_166' title='bbox 1159 1749 1241 1791; x_wconf 89' lang='lat' dir='ltr'>nisi</span> <span class='ocrx_word' id='word_1_167' title='bbox 1274 1749 1513 1792; x_wconf 89' lang='lat' dir='ltr'>Pausaniae</span> <span class='ocrx_word' id='word_1_168' title='bbox 1553 1747 1676 1791; x_wconf 87' lang='lat' dir='ltr'>debe-</span> 
     </span>
     <span class='ocr_line' id='line_1_23' title="bbox 181 1821 1673 1880; baseline -0.002 -14"><span class='ocrx_word' id='word_1_169' title='bbox 181 1838 295 1878; x_wconf 78' lang='lat' dir='ltr'>mus,</span> <span class='ocrx_word' id='word_1_170' title='bbox 343 1825 417 1880; x_wconf 86' lang='lat' dir='ltr'>qui</span> <span class='ocrx_word' id='word_1_171' title='bbox 466 1831 612 1868; x_wconf 91' lang='lat' dir='ltr'>tamen</span> <span class='ocrx_word' id='word_1_172' title='bbox 659 1824 741 1866; x_wconf 89' lang='lat' dir='ltr'>hoc</span> <span class='ocrx_word' id='word_1_173' title='bbox 786 1823 922 1879; x_wconf 81' lang='lat' dir='ltr'>loco³)</span> <span class='ocrx_word' id='word_1_174' title='bbox 970 1823 1110 1866; x_wconf 78' lang='lat' dir='ltr'>verbis</span> <span class='ocrx_word' id='word_1_175' title='bbox 1153 1823 1292 1865; x_wconf 90' lang='lat' dir='ltr'>minus</span> <span class='ocrx_word' id='word_1_176' title='bbox 1342 1822 1473 1866; x_wconf 87' lang='lat' dir='ltr'>certis</span> <span class='ocrx_word' id='word_1_177' title='bbox 1516 1821 1673 1864; x_wconf 88' lang='lat' dir='ltr'>utitur:</span> 
     </span>
     <span class='ocr_line' id='line_1_24' title="bbox 181 1891 1673 1956; baseline -0.001 -15"><span class='ocrx_word' id='word_1_178' title='bbox 181 1896 433 1956; x_wconf 83' lang='grc' dir='ltr'><em>πεποίηται</em></span> <span class='ocrx_word' id='word_1_179' title='bbox 458 1931 633 1943; x_wconf 89' lang='grc'><strong>.......</strong></span> <span class='ocrx_word' id='word_1_180' title='bbox 684 1897 761 1942; x_wconf 85' lang='grc' dir='ltr'>καὶ</span> <span class='ocrx_word' id='word_1_181' title='bbox 809 1896 864 1941; x_wconf 79' lang='grc' dir='ltr'>τὰ</span> <span class='ocrx_word' id='word_1_182' title='bbox 915 1895 1132 1954; x_wconf 82' lang='grc' dir='ltr'><em>λεγόμενα</em></span> <span class='ocrx_word' id='word_1_183' title='bbox 1183 1896 1229 1948; x_wconf 78' lang='grc' dir='ltr'>ἐς</span> <span class='ocrx_word' id='word_1_184' title='bbox 1267 1893 1417 1956; x_wconf 60' lang='grc' dir='ltr'><strong><em>’Ἡραν</em></strong></span> <span class='ocrx_word' id='word_1_185' title='bbox 1467 1891 1529 1948; x_wconf 77' lang='grc' dir='ltr'>ὥς</span> <span class='ocrx_word' id='word_1_186' title='bbox 1581 1891 1673 1940; x_wconf 81' lang='grc' dir='ltr'>ὑπὸ</span> 
     </span>
     <span class='ocr_line' id='line_1_25' title="bbox 175 1967 1675 2031; baseline 0 -18"><span class='ocrx_word' id='word_1_187' title='bbox 175 1967 428 2029; x_wconf 80' lang='grc' dir='ltr'><em>Ἡφαίστου</em></span> <span class='ocrx_word' id='word_1_188' title='bbox 460 1970 633 2031; x_wconf 71' lang='grc' dir='ltr'><strong><em>δεθείη.</em></strong></span> <span class='ocrx_word' id='word_1_189' title='bbox 695 1972 961 2028; x_wconf 83' lang='lat' dir='ltr'>Religandae</span> <span class='ocrx_word' id='word_1_190' title='bbox 993 1977 1141 2014; x_wconf 85' lang='lat' dir='ltr'>autem</span> <span class='ocrx_word' id='word_1_191' title='bbox 1174 1972 1238 2015; x_wconf 91' lang='lat' dir='ltr'>vel</span> <span class='ocrx_word' id='word_1_192' title='bbox 1275 1972 1485 2028; x_wconf 84' lang='lat' dir='ltr'>religatae</span> <span class='ocrx_word' id='word_1_193' title='bbox 1517 1971 1675 2013; x_wconf 79' lang='lat' dir='ltr'>Junoni</span> 
     </span>
     <span class='ocr_line' id='line_1_26' title="bbox 181 2046 1673 2103; baseline 0 -15"><span class='ocrx_word' id='word_1_194' title='bbox 181 2047 401 2090; x_wconf 89' lang='lat' dir='ltr'>Vulcanus</span> <span class='ocrx_word' id='word_1_195' title='bbox 433 2048 589 2091; x_wconf 87' lang='lat' dir='ltr'>adesse</span> <span class='ocrx_word' id='word_1_196' title='bbox 621 2062 705 2091; x_wconf 92' lang='lat' dir='ltr'>non</span> <span class='ocrx_word' id='word_1_197' title='bbox 728 2048 883 2102; x_wconf 89' lang='lat' dir='ltr'>potuit,</span> <span class='ocrx_word' id='word_1_198' title='bbox 917 2047 1121 2102; x_wconf 89' lang='lat' dir='ltr'>quoniam</span> <span class='ocrx_word' id='word_1_199' title='bbox 1153 2062 1204 2089; x_wconf 90' lang='lat' dir='ltr'>ex</span> <span class='ocrx_word' id='word_1_200' title='bbox 1228 2047 1409 2103; x_wconf 83' lang='lat' dir='ltr'>Olympo</span> <span class='ocrx_word' id='word_1_201' title='bbox 1440 2047 1483 2088; x_wconf 93' lang='lat' dir='ltr'>in</span> <span class='ocrx_word' id='word_1_202' title='bbox 1504 2046 1673 2089; x_wconf 85' lang='lat' dir='ltr'>Naxum</span> 
     </span>
     <span class='ocr_line' id='line_1_27' title="bbox 178 2120 1675 2177; baseline 0 -14"><span class='ocrx_word' id='word_1_203' title='bbox 178 2121 364 2165; x_wconf 91' lang='lat' dir='ltr'>insulam</span> <span class='ocrx_word' id='word_1_204' title='bbox 408 2121 603 2177; x_wconf 83' lang='lat' dir='ltr'>dejectus</span> <span class='ocrx_word' id='word_1_205' title='bbox 647 2125 761 2173; x_wconf 83' lang='lat' dir='ltr'>erat,</span> <span class='ocrx_word' id='word_1_206' title='bbox 812 2121 925 2164; x_wconf 89' lang='lat' dir='ltr'>unde</span> <span class='ocrx_word' id='word_1_207' title='bbox 973 2120 1127 2164; x_wconf 91' lang='lat' dir='ltr'>solium</span> <span class='ocrx_word' id='word_1_208' title='bbox 1172 2136 1268 2164; x_wconf 91' lang='lat' dir='ltr'>cum</span> <span class='ocrx_word' id='word_1_209' title='bbox 1309 2121 1489 2164; x_wconf 85' lang='lat' dir='ltr'>vinculis</span> <span class='ocrx_word' id='word_1_210' title='bbox 1534 2122 1675 2164; x_wconf 88' lang='lat' dir='ltr'>caecis</span> 
     </span>
     <span class='ocr_line' id='line_1_28' title="bbox 176 2195 1676 2252; baseline 0 -14"><span class='ocrx_word' id='word_1_211' title='bbox 176 2196 338 2239; x_wconf 85' lang='lat' dir='ltr'>Junoni</span> <span class='ocrx_word' id='word_1_212' title='bbox 375 2197 503 2240; x_wconf 85' lang='lat' dir='ltr'>misit.</span> <span class='ocrx_word' id='word_1_213' title='bbox 575 2196 865 2249; x_wconf 85' lang='lat' dir='ltr'>Quamobrem</span> <span class='ocrx_word' id='word_1_214' title='bbox 910 2197 952 2239; x_wconf 91' lang='lat' dir='ltr'>in</span> <span class='ocrx_word' id='word_1_215' title='bbox 996 2195 1239 2252; x_wconf 85' lang='lat' dir='ltr'>anaglypho</span> <span class='ocrx_word' id='word_1_216' title='bbox 1286 2196 1456 2240; x_wconf 87' lang='lat' dir='ltr'>videtur</span> <span class='ocrx_word' id='word_1_217' title='bbox 1494 2196 1676 2239; x_wconf 66' lang='lat' dir='ltr'>«lunonis</span> 
     </span>
     <span class='ocr_line' id='line_1_29' title="bbox 178 2270 1675 2327; baseline 0 -13"><span class='ocrx_word' id='word_1_218' title='bbox 178 2271 322 2326; x_wconf 87' lang='lat' dir='ltr'>figura</span> <span class='ocrx_word' id='word_1_219' title='bbox 352 2271 447 2315; x_wconf 90' lang='lat' dir='ltr'>sola</span> <span class='ocrx_word' id='word_1_220' title='bbox 476 2271 623 2315; x_wconf 85' lang='lat' dir='ltr'>fuisse.</span> <span class='ocrx_word' id='word_1_221' title='bbox 692 2272 825 2327; x_wconf 87' lang='lat' dir='ltr'>Atqui</span> <span class='ocrx_word' id='word_1_222' title='bbox 861 2287 888 2315; x_wconf 93' lang='lat' dir='ltr'>a</span> <span class='ocrx_word' id='word_1_223' title='bbox 926 2271 1142 2314; x_wconf 82' lang='lat' dir='ltr'>Pausania</span> <span class='ocrx_word' id='word_1_224' title='bbox 1179 2270 1273 2314; x_wconf 91' lang='lat' dir='ltr'>loco</span> <span class='ocrx_word' id='word_1_225' title='bbox 1311 2271 1489 2316; x_wconf 88' lang='lat' dir='ltr'>laudato</span> <span class='ocrx_word' id='word_1_226' title='bbox 1531 2272 1675 2315; x_wconf 89' lang='lat' dir='ltr'>nullae</span> 
     </span>
     <span class='ocr_line' id='line_1_30' title="bbox 177 2346 1676 2403; baseline 0.001 -16"><span class='ocrx_word' id='word_1_227' title='bbox 177 2346 420 2389; x_wconf 79' lang='lat' dir='ltr'>afferuntur</span> <span class='ocrx_word' id='word_1_228' title='bbox 459 2348 670 2401; x_wconf 84' lang='lat' dir='ltr'>imagines</span> <span class='ocrx_word' id='word_1_229' title='bbox 710 2348 792 2389; x_wconf 89' lang='lat' dir='ltr'>nisi</span> <span class='ocrx_word' id='word_1_230' title='bbox 832 2361 944 2402; x_wconf 90' lang='lat' dir='ltr'>quae</span> <span class='ocrx_word' id='word_1_231' title='bbox 982 2347 1193 2401; x_wconf 87' lang='lat' dir='ltr'>plurimas</span> <span class='ocrx_word' id='word_1_232' title='bbox 1237 2346 1396 2401; x_wconf 84' lang='lat' dir='ltr'>figuras</span> <span class='ocrx_word' id='word_1_233' title='bbox 1436 2347 1676 2403; x_wconf 86' lang='lat' dir='ltr'>praebeant</span> 
     </span>
    </p>
   </div>
   <div class='ocr_carea' id='block_1_3' title="bbox 269 2535 1071 2704">
    <p class='ocr_par' dir='ltr' id='par_1_3' title="bbox 269 2535 1071 2704">
     <span class='ocr_line' id='line_1_31' title="bbox 272 2535 664 2589; baseline 0.003 -12"><span class='ocrx_word' id='word_1_234' title='bbox 272 2544 305 2589; x_wconf 86' lang='lat'>1)</span> <span class='ocrx_word' id='word_1_235' title='bbox 331 2543 397 2588; x_wconf 81' lang='grc' dir='ltr'>ΠΙ,</span> <span class='ocrx_word' id='word_1_236' title='bbox 425 2547 479 2586; x_wconf 85' lang='grc'>17,</span> <span class='ocrx_word' id='word_1_237' title='bbox 510 2547 543 2580; x_wconf 90' lang='lat'>3.</span> <span class='ocrx_word' id='word_1_238' title='bbox 572 2564 616 2570; x_wconf 79' lang='lat'>-</span> <span class='ocrx_word' id='word_1_239' title='bbox 659 2535 664 2542; x_wconf 89' lang='lat'>&#39;</span> 
     </span>
     <span class='ocr_line' id='line_1_32' title="bbox 269 2601 1071 2647; baseline -0.001 -11"><span class='ocrx_word' id='word_1_240' title='bbox 269 2603 306 2645; x_wconf 84' lang='lat'>2)</span> <span class='ocrx_word' id='word_1_241' title='bbox 332 2601 378 2637; x_wconf 88' lang='lat' dir='ltr'>cf.</span> <span class='ocrx_word' id='word_1_242' title='bbox 404 2601 602 2638; x_wconf 86' lang='lat' dir='ltr'>Overbeck</span> <span class='ocrx_word' id='word_1_243' title='bbox 628 2603 650 2636; x_wconf 88' lang='lat' dir='ltr'>l.</span> <span class='ocrx_word' id='word_1_244' title='bbox 677 2613 707 2638; x_wconf 85' lang='lat' dir='ltr'>c.</span> <span class='ocrx_word' id='word_1_245' title='bbox 734 2601 761 2636; x_wconf 94' lang='lat' dir='ltr'>I.</span> <span class='ocrx_word' id='word_1_246' title='bbox 788 2613 850 2647; x_wconf 84' lang='lat' dir='ltr'>pg.</span> <span class='ocrx_word' id='word_1_247' title='bbox 877 2603 918 2636; x_wconf 83' lang='lat'>81</span> <span class='ocrx_word' id='word_1_248' title='bbox 947 2612 1001 2647; x_wconf 88' lang='lat' dir='ltr'>sq.</span> <span class='ocrx_word' id='word_1_249' title='bbox 1029 2622 1071 2626; x_wconf 90' lang='lat'><strong>—</strong></span> 
     </span>
     <span class='ocr_line' id='line_1_33' title="bbox 272 2659 817 2704; baseline 0.002 -12"><span class='ocrx_word' id='word_1_250' title='bbox 272 2660 306 2702; x_wconf 88' lang='lat'>3)</span> <span class='ocrx_word' id='word_1_251' title='bbox 331 2659 488 2695; x_wconf 83' lang='lat' dir='ltr'>Pausan.</span> <span class='ocrx_word' id='word_1_252' title='bbox 516 2659 582 2704; x_wconf 86' lang='grc' dir='ltr'><strong>ΙΙΙ,</strong></span> <span class='ocrx_word' id='word_1_253' title='bbox 610 2661 665 2704; x_wconf 82' lang='grc'>18,</span> <span class='ocrx_word' id='word_1_254' title='bbox 694 2660 747 2693; x_wconf 88' lang='grc'>16.</span> <span class='ocrx_word' id='word_1_255' title='bbox 775 2680 817 2684; x_wconf 91' lang='grc'><strong>-</strong></span> 
     </span>
    </p>
   </div>
  </div>
 </body>
</html>
