1920 3216
820 195 1104 235 —23—

367 312 411 352 et
431 309 655 365 Satyrum.
715 307 922 363 Express.
952 322 1020 363 ap.
1052 308 1264 362 Laborde,
1296 310 1395 353 Vas.
1427 308 1652 364 Lamberg.
1675 310 1706 360 Ι,

366 389 436 428 49.
476 384 542 428 ΕΙ.
564 382 731 428 Geram.
752 382 785 433 Ι,
807 385 875 426 48.
913 409 959 414 -
994 383 1046 427 cf.
1070 384 1247 428 Kenner
1266 400 1308 429 u.
1332 384 1509 437 Sacken‚
1535 384 1707 436 Wiener

367 457 555 503 Antiken
581 458 630 511 V,
655 460 750 501 122.
793 457 1015 513 Wieseler,
1047 457 1397 503 Buehnenwesen
1420 458 1491 511 VI,
1515 463 1553 502 5.
1597 458 1706 503 Wie-

368 532 492 586 seler,
515 531 767 591 Satyrspiel.
798 546 868 589 pg.
892 536 945 575 35
962 547 1060 591 sqq.
1085 537 1179 578 157.
1204 537 1297 577 170.
1320 537 1417 578 598.
1460 533 1705 588 Bluemner,

368 608 422 651 de
443 607 627 651 Vulcani
646 607 690 649 in
713 612 794 650 vet.
817 611 902 650 art.
924 623 1109 652 monum.
1136 609 1277 664 figura
1296 624 1365 664 pg.
1387 612 1441 651 24
1467 609 1566 653 adn.
1592 614 1629 652 2.
1653 635 1706 640 —-

222 682 275 727 V.
368 682 586 736 Pictura¹)
619 682 869 738 amphorae,
900 697 1013 738 quae
1045 684 1117 728 ubi
1139 683 1297 727 effossa
1318 684 1376 727 sit
1396 698 1481 727 non
1511 688 1706 739 constat3

368 772 484 814 expr.
518 772 586 814 ap.
615 756 854 813 Inghirami
884 759 978 803 vasi
1006 759 1125 804 fittili
1157 762 1252 803 268.
1288 785 1337 791 —-

218 832 292 878 W.
362 832 601 875 Adversum
622 832 740 875 latus
758 832 994 887 amphorae
1014 834 1136 888 (vaso
1153 848 1181 876 a
1194 833 1426 889 colonette)
1449 835 1492 875 in
1516 835 1705 886 Etruria,

367 911 416 951 ut
445 906 627 958 videtur,
660 910 873 963 repertae.
916 907 967 952 cf.
990 908 1083 965 Cat.
1104 909 1212 953 Mus.
1237 909 1483 965 Campanae
1512 908 1585 960 IV,
1609 912 1704 952 225.

217 982 282 1027 X.
358 981 598 1025 Adversum
645 981 759 1025 latus
809 983 992 1027 crateris
1039 983 1222 1041 Neapoli
1268 984 1445 1035 servati,
1491 984 1535 1026 in
1581 983 1705 1040 cujus

367 1071 521 1100 averso
559 1057 696 1101 latere
730 1059 993 1114 respondent
1037 1059 1148 1102 duae
1186 1059 1394 1102 Bacchae·
1429 1063 1473 1101 et
1511 1059 1705 1115 Satyrus.

370 1131 464 1185 Qua
494 1131 537 1175 in
568 1131 746 1189 regione
777 1136 976 1188 repertus
1016 1133 1073 1177 sit
1103 1136 1263 1187 crater,
1304 1134 1494 1190 ignotum
1534 1137 1612 1178 est.
1654 1133 1706 1178 cf.

369 1207 662 1263 Heydemann,
684 1208 775 1252 Cat.
793 1208 902 1251 Mus.
918 1208 1022 1252 Naz.
1042 1209 1178 1264 Neap.
1201 1210 1319 1252 Sant.
1341 1210 1449 1265 Ang.
1472 1225 1513 1251 n.
1540 1213 1633 1251 701.
1657 1235 1704 1241 —-

217 1283 277 1327 Y.
368 1283 605 1327 Adversum
645 1284 760 1327 latus
798 1283 1015 1336 canthari,
1062 1283 1224 1328 Romae
1271 1284 1503 1333 asservati,
1551 1284 1626 1339 qui
1661 1284 1705 1327 in

369 1357 549 1402 Etruria
579 1357 762 1401 effossus
792 1358 966 1401 videtur
998 1372 1104 1401 esse.
1136 1359 1187 1403 cf.
1210 1360 1305 1403 Cat.
1327 1360 1437 1402 Mus.
1460 1358 1705 1414 Campanae

373 1433 447 1475 IV.
480 1437 548 1476 69.
580 1458 636 1464 —

218 1506 271 1552 Z.
367 1507 539 1552 Vasculi
568 1508 742 1563 pictura
771 1507 827 1551 ab
857 1512 1035 1552 auctore
1067 1507 1159 1551 Cat.
1183 1508 1263 1553 etr.
1285 1524 1325 1553 n.
1348 1512 1414 1552 51.
1436 1508 1628 1553 laudata.
1652 1534 1702 1541 -

217 1581 311 1626 AA.
365 1582 537 1625 Vasculi
557 1583 730 1638 pictura
750 1582 806 1626 ab
826 1586 1006 1626 auctore
1029 1584 1119 1627 Cat.
1141 1585 1247 1627 Dur.
1270 1600 1310 1626 n.
1336 1588 1416 1627 126
1437 1583 1630 1627 laudata.
1651 1608 1703 1614 —

279 1722 323 1778 b)
356 1722 505 1774 Vasa,
537 1734 758 1776 quorum
788 1721 842 1765 in
871 1726 1024 1778 parte
1059 1723 1281 1766 adversa
1311 1722 1564 1775 Bacchus,
1596 1723 1646 1765 in

465 1795 615 1849 parte
645 1806 838 1836 aversa
870 1792 1131 1837 Vulcanus
1163 1794 1334 1850 pictus
1366 1798 1457 1837 est.

295 1884 326 1928 1,
387 1885 638 1928 Picturae
669 1886 907 1929 vasariae
936 1886 1085 1941 nigro
1118 1886 1294 1929 colore
1325 1886 1627 1929 distinctae.

224 1976 323 2021 ΒΒ.
396 1976 611 2033 Amphora
642 1977 923 2022 vindobonae
960 1982 1150 2032 servata,
1192 1993 1305 2034 quae
1336 1978 1508 2021 Vulceis
1538 1977 1706 2020 videtur

387 2066 481 2094 esse
520 2051 691 2095 effossa.
723 2077 776 2083 —
808 2053 860 2096 cf.
892 2054 1065 2096 Kenner
1105 2068 1145 2095 u.
1179 2053 1367 2107 Sacken,
1407 2053 1582 2096 Wiener
1609 2053 1705 2094 An-

313 2203 347 2250 1)
373 2204 509 2240 Millini
534 2203 658 2251 operis
676 2205 774 2250 quod
799 2204 940 2249 „Vases
955 2203 1108 2249 peints“
1134 2202 1353 2249 inscriptum
1370 2209 1439 2249 est,
1464 2215 1549 2239 cum
1565 2196 1709 2238 tomum

218 2263 265 2298 ΙΙ.
295 2262 524 2298 bibliotheca
553 2261 807 2298 universitatis
837 2261 1041 2309 Lipsiensis
1077 2272 1153 2297 non
1187 2260 1385 2307 praebeat,
1420 2261 1562 2297 nullam
1598 2260 1709 2306 hujus

220 2321 363 2358 vasculi
378 2319 583 2367 imaginem
598 2320 783 2367 inspicere
807 2320 914 2368 potui
940 2320 1012 2356 nisi
1030 2332 1124 2362 eam,
1142 2332 1253 2366 quam
1268 2320 1427 2365 praebet
1448 2318 1708 2366 Inghiramius.

218 2380 335 2423 Quam
371 2378 576 2423 imaginem
612 2378 873 2423 imperfectam
909 2381 948 2412 et
976 2377 1082 2422 quasi
1114 2378 1367 2422 fragmentum
1403 2377 1592 2421 quoddam
1629 2388 1708 2411 esse

216 2447 327 2473 nemo
359 2447 436 2472 non
465 2434 581 2472 videt.
633 2435 726 2472 Tres
763 2434 864 2471 enim
903 2434 1023 2471 solum
1062 2433 1304 2471 inveniuntur
1343 2434 1504 2481 figurae:
1545 2432 1708 2478 Satyrus,

218 2495 407 2539 Bacchus,
441 2494 537 2529 alter
567 2493 720 2537 Satyrus
751 2496 863 2538 atque
894 2492 988 2528 asini
1018 2504 1106 2538 pars
1136 2492 1257 2537 prior3
1291 2492 1428 2527 desunt
1458 2495 1584 2527 autem
1614 2491 1709 2526 asini

218 2564 302 2599 pars
318 2551 505 2598 posterior
522 2555 633 2596 atque
649 2550 837 2586 Vulcanus
853 2550 958 2586 asino
974 2549 1182 2596 impositus,
1206 2550 1293 2595 quia
1314 2549 1518 2585 delineatio
1540 2548 1710 2595 praecisa

220 2613 288 2655 est.
313 2630 359 2635 —-
384 2610 423 2645 Si
446 2611 579 2655 postea
603 2609 783 2644 certiores
806 2608 992 2652 fieremus,
1016 2608 1203 2654 picturam
1219 2608 1372 2643 omnino
1388 2619 1465 2642 non
1481 2609 1709 2641 monstrasse

160 2705 162 2707 ,
217 2666 425 2703 Vulcanum
456 2666 558 2702 asino
588 2667 821 2713 impositum,
859 2665 972 2702 etiam
1002 2667 1084 2701 tum
1114 2676 1306 2700 censerem
1341 2665 1528 2711 picturam
1564 2663 1702 2700 vasculi

218 2728 435 2772 excerptam
459 2737 539 2762 esse
563 2737 610 2762 ex
633 2724 981 2772 repraesentatione
1004 2723 1164 2759 Vulcani
1189 2723 1341 2760 reducti.
1369 2743 1413 2748 -
