1920 3216
804 182 1089 224 ..16-

197 295 344 355 ἤγαγε.
395 293 536 338 ταῦτά
588 311 634 338 τε
680 295 735 354 δὴ
780 295 1063 355 γεγραμμένα
1114 292 1200 338 εἶσὶ
1243 293 1319 337 καὶ
1362 294 1571 347 Πενθεὺς
1616 293 1690 338 καὶ

194 373 467 429 Λυκοῦργος
487 362 551 413 ὦν
572 368 618 421 ἒς
638 367 863 413 Διόνυσον
882 365 1074 428 ὕβρισαν
1095 367 1295 421 διδόντες
1316 366 1458 421 δίκας,
1478 364 1689 429 Ἀριάδνη

194 441 489 489 καθεύδουσα
534 441 611 486 καὶ
652 441 826 501 Θησεῦ-ς
866 439 1142 502 ἀναγόμενος
1183 442 1259 488 καὶ
1303 443 1527 496 Διόνυσος
1571 442 1691 503 ἥκων

194 518 241 570 ἐς
286 521 364 576 τῆς
401 514 637 578 Ἀριάδνης
681 517 761 575 τὴν
805 515 1027 577 ἁρπαγήν.
1070 546 1125 551 —-
1170 521 1441 565 Manifestum
1480 534 1582 577 ergo
1623 525 1690 563 est

195 595 378 638 duorum
400 594 561 638 Bacchi
593 594 854 649 templorum
887 594 942 638 ad
973 596 1256 640 meridianam
1287 596 1402 639 arcis
1423 595 1687 640 Athenarum

193 673 365 726 partem
395 668 695 726 spectantibus
725 669 769 712 in
800 669 974 714 Lenaeo
983 670 1014 727 ¹)
1047 684 1151 728 agro
1183 673 1334 715 sancto
1355 671 1570 715 vetustius
1600 669 1689 714 illis

194 745 378 801 picturis
409 747 611 788 ornatum
642 743 791 787 fuisse.
853 745 946 797 Quo
985 745 1027 787 in
1067 746 1228 801 templo
1266 745 1547 788 Anthesteria
1583 744 1689 787 cele-

193 820 438 863 brabantur
479 825 523 862 et
559 818 826 862 caerimonia
838 817 870 874 ²)
909 824 1190 866 sacrosancta
1227 820 1290 863 rei
1321 819 1517 876 publicae
1556 832 1690 863 causa

194 895 425 951 agebatur.
501 893 778 949 Celebratum
826 897 969 938 autem
1019 908 1114 939 esse
1159 894 1374 940 Bacchum
1420 894 1488 938 his
1534 893 1689 938 diebus

193 971 316 1013 festis
359 970 485 1013 deum
527 969 765 1012 herbarum
811 973 856 1012 et
895 969 1144 1025 plantarum
1188 971 1540 1014 revirescentium
1585 969 1690 1012 Ger-

192 1045 396 1101 hardus³)
428 1045 556 1102 plane
588 1044 916 1089 demonstravit.
975 1045 1113 1089 Attici
1153 1047 1265 1090 enim
1306 1046 1496 1102 agebant
1530 1044 1691 1089 Anthe-

196 1120 330 1164 steria
361 1147 420 1152 —
450 1123 500 1163 ut
529 1107 754 1175 Prelleri⁴j
786 1119 928 1164 verbis
958 1123 1060 1163 utar
1093 1147 1142 1153 —
1177 1121 1282 1175 „mit
1312 1122 1430 1165 einer
1460 1120 1586 1171 Lust,
1619 1119 1689 1163 die

192 1196 303 1240 noch
335 1196 545 1239 zwischen
577 1196 660 1249 den
692 1194 932 1238 Gefuehlen
968 1195 1054 1238 und
1088 1197 1342 1240 Genuessen
1380 1196 1456 1239 des
1499 1194 1689 1237 Winters

193 1271 282 1314 und
315 1270 452 1315 denen
491 1270 567 1313 des
599 1270 859 1326 Fruehlings
896 1271 1079 1327 getheilt
1117 1273 1244 1314 war.“
1304 1270 1595 1324 Quamobrem
1634 1269 1689 1313 ab

193 1346 261 1388 his
293 1346 407 1388 veris
439 1345 592 1388 diebus
624 1344 748 1388 festis
778 1346 954 1389 minime
992 1346 1291 1390 abhorrebant
1328 1349 1583 1401 argumenta
1625 1348 1688 1387 ta·

194 1421 408 1474 hulmum,
432 1434 546 1476 quae
567 1419 793 1474 Jabnius⁵)
817 1421 924 1465 scite
945 1421 1261 1478 interpretatus
1284 1425 1359 1466 est.
1391 1421 1457 1465 Ex
1480 1423 1689 1478 quattuor

194 1497 309 1539 enim
340 1495 524 1552 picturis
554 1495 596 1538 in
630 1495 792 1551 templo
824 1495 984 1539 Bacchi
1024 1496 1247 1540 collocatis
1287 1497 1399 1539 duae
1440 1508 1687 1552 repraesen-

192 1573 348 1615 tabant
375 1570 592 1614 Bacchum
617 1575 898 1626 superantem
921 1571 1135 1627 procellas
1156 1571 1358 1615 hibernas
1391 1576 1554 1615 terram
1576 1571 1689 1613 Atti-

193 1661 285 1689 cam
304 1649 528 1690 vastantes
550 1645 805 1702 [Pentheum
821 1671 876 1677 —
894 1646 1158 1704 Lycurgum]
1175 1646 1315 1692 altera
1336 1647 1421 1691 duo
1443 1647 1570 1690 deum
1589 1659 1689 1688 vere

191 1726 356 1765 terram
402 1720 632 1763 fecundam
675 1720 928 1764 reddentem
974 1721 1232 1779 [Vulcanum
1271 1722 1315 1765 in
1355 1722 1582 1779 Olympum
1620 1734 1687 1763 re-

191 1795 414 1853 ductum⁰)
440 1821 489 1827 —
515 1794 765 1854 Ariadnen}
819 1797 1010 1853 Apparet
1031 1800 1177 1841 autem
1207 1785 1251 1841 in
1274 1797 1424 1854 templi
1446 1796 1687 1853 parietibus

193 1872 369 1917 tabulas
400 1872 516 1914 inter
547 1885 594 1915 se
620 1871 704 1914 hoc
734 1871 863 1915 modo
895 1873 1181 1928 respondisse,
1213 1877 1265 1916 ut

287 2025 320 2069 1)
346 2023 391 2059 cf.
419 2021 657 2067 Mittelhaus,
688 2022 735 2057 de
766 2022 915 2058 Baccho
945 2024 1085 2059 Attico.
1140 2024 1235 2059 Diss.
1261 2024 1469 2067 Vratislav.
1492 2025 1593 2059 1870.
1625 2035 1688 2070 pg-

191 2087 232 2119 31
261 2095 315 2129 sq.
341 2103 386 2108 —

284 2141 320 2188 2)
346 2141 393 2176 cf.
419 2140 689 2177 Mittelhausl.
716 2151 747 2176 e.
772 2152 807 2186 p
834 2142 890 2175 32.
923 2138 1067 2174 Notitia
1098 2151 1209 2185 quam
1241 2140 1421 2177 debemus
1444 2140 1690 2176 Demostheni

171 2200 238 2245 -(c.
263 2199 397 2235 Neaer.
423 2210 486 2244 pg.
513 2197 601 2232 1371
628 2196 649 2243 ξ
675 2198 721 2233 76
746 2201 784 2233 et
810 2197 867 2242 78)
899 2196 1013 2232 fuisse
1044 2196 1116 2232 hoc
1141 2199 1326 2244 templum
1350 2209 1499 2244 semper
1523 2198 1690 2234 clausum

191 2257 262 2293 nisi
293 2257 425 2292 diebus
457 2255 563 2291 festis
588 2254 858 2291 Anthesterion
889 2264 1026 2290 verane
1051 2254 1112 2300 sit,
1136 2255 1333 2292 nescimus.
1381 2255 1475 2291 Rem
1505 2255 1689 2301 antiquio-

191 2316 294 2351 ribus
310 2317 457 2350 tantum
474 2314 708 2360 temporibus
733 2314 787 2349 ita
811 2324 891 2348 sese
916 2312 1104 2358 habiusse,
1128 2315 1262 2359 postea
1278 2315 1416 2355 autem,
1440 2326 1524 2350 cum
1540 2314 1690 2350 tabulae

191 2372 318 2418 pictae
354 2372 393 2406 in
433 2372 576 2418 templo
612 2371 758 2418 positae
796 2374 920 2406 essent
949 2371 1091 2417 populo
1128 2382 1277 2417 semper
1318 2374 1534 2419 speotaturo
1578 2372 1689 2407 fuisse

190 2433 365 2477 apertum
389 2430 573 2476 templum
597 2429 688 2464 mihi
719 2428 869 2464 videtur
893 2429 971 2465 veri
997 2427 1236 2463 simillimum.
1284 2429 1344 2464 An
1367 2427 1521 2466 fuerunt
1543 2430 1688 2476 positae

193 2488 346 2524 tabulae
374 2487 413 2523 in
437 2487 587 2533 porticu
612 2487 770 2533 templi?
797 2506 842 2512 —

288 2548 321 2588 3)
342 2546 468 2582 Ueber
485 2544 546 2581 die
560 2544 936 2591 Anthesterienfeier,
959 2544 1039 2581 Ber.
1059 2546 1094 2581 d.
1109 2545 1205 2581 Berl.
1219 2545 1338 2582 Akad.
1355 2546 1390 2582 d.
1405 2545 1511 2582 Wiss.
1531 2548 1631 2583 1858.
1645 2567 1690 2572 -

285 2605 321 2650 4)
348 2604 494 2640 Griech.
520 2604 681 2651 Mythol.
708 2603 753 2638 1³.
778 2616 842 2650 pg.
869 2606 948 2641 554.
974 2624 1021 2630 —

285 2666 320 2707 5)
346 2662 482 2698 Annali
508 2662 596 2697 dell'
624 2662 714 2697 Inst.
743 2664 843 2698 1851.
870 2663 1007 2698 XXIII.
1034 2676 1096 2709 pg.
1124 2666 1202 2700 287.
1228 2684 1274 2689 -—

287 2722 321 2762 6)
347 2721 504 2756 Jahnius
522 2721 546 2755 l.
564 2732 594 2755 c.
610 2720 819 2755 rectissime
836 2721 942 2756 dicit:
970 2721 1081 2756 Nella
1106 2722 1318 2766 primavera
1342 2722 1434 2768 pero
1460 2723 1471 2757 i
1492 2722 1689 2768 temporali
