1920 3216
779 141 1068 183 -32-

173 255 356 307 erravit3
387 258 582 297 attamen
613 255 777 310 optime
809 255 969 298 meruit
999 255 1053 298 de
1074 259 1225 298 nostra
1252 255 1522 311 quaestione,
1550 254 1668 310 quod

173 329 396 372 contendit
441 328 616 373 vascula
659 329 704 371 in
752 329 896 373 Attica
940 328 1135 385 perfecta
1174 333 1219 372 et
1255 333 1431 385 reperta.
1467 329 1523 372 ab
1573 328 1670 372 aliis

171 405 441 448 secernenda.
482 418 592 448 esse.
662 405 748 448 Per
784 418 832 447 se
873 405 986 447 enim
1028 408 1167 460 patet,
1206 418 1380 447 munere
1417 403 1540 459 fungi
1577 403 1670 446 fere

170 479 315 535 inepto
364 480 401 523 si
446 481 543 536 quis
582 484 764 523 conetur
802 479 1102 522 demonstrare
1149 479 1342 535 picturas
1380 477 1667 529 vasculorum,

170 568 282 608 quae
321 556 364 596 in
397 554 543 597 Attica
584 554 745 597 effossa
787 558 955 604 essent,
1001 554 1054 595 ad
1090 554 1340 608 Epicharmi
1384 551 1668 595 imitationem

169 628 309 684 pictas
355 643 464 674 esse.
522 630 748 683 >Quamvis
793 632 938 672 autem
985 628 1028 671 in
1076 629 1220 673 Attica
1272 629 1368 685 ipsa
1418 625 1668 672 nullaedum

171 703 371 758 picturae
404 707 604 749 vasariae
636 704 818 748 Vulcani
849 704 1144 748 reductionem
1187 707 1572 760 repraesentantes
1603 716 1669 744 re-

170 782 322 834 pertae
355 778 454 833 sint,
487 784 636 825 tamen
658 780 749 824 veri
777 784 845 825 est
873 779 1136 824 simillimum
1168 778 1285 823 haud
1308 792 1450 836 pauca
1470 791 1668 822 vasorum

168 854 213 896 in
247 855 379 897 Italia
410 855 616 897 inferiore
648 860 692 897 et
721 856 765 897 in
789 856 969 898 Etruria
999 859 1273 911 repertorum
1302 856 1345 896 in
1379 855 1524 897 Attica
1551 853 1668 896 facta

167 942 275 971 esse.
319 928 415 981 Qua
443 929 489 973 in
519 943 567 973 re
599 929 637 972 si
668 930 774 986 quid
796 930 1045 975 accuratius
1067 930 1293 985 exquirere
1314 934 1448 986 atque
1474 932 1668 972 statuere

170 1017 392 1057 conamur,
424 1004 504 1047 hoc
536 1004 713 1059 quidem
747 1005 885 1060 primo
916 1005 1012 1049 loco
1044 1004 1378 1048 examinandum
1410 1007 1488 1055 est,
1520 1006 1666 1044 utrum

168 1079 344 1122 omnino
375 1093 614 1135 permagna
644 1093 847 1123 vasorum
879 1080 1004 1136 copia
1024 1079 1338 1136 posterioribus
1360 1091 1533 1136 quoque
1563 1080 1669 1119 tem-

165 1154 345 1208 poribus
368 1158 600 1211 exportata
621 1154 720 1206 sint,
751 1168 808 1198 an
829 1156 976 1211 potius
1009 1156 1171 1199 multae
1202 1159 1245 1199 et
1276 1168 1353 1199 eae
1385 1166 1566 1209 magnae
1596 1166 1667 1195 va-

166 1244 312 1273 sorum
344 1229 536 1274 fabricae
574 1234 700 1275 extra
739 1231 932 1274 Atticam
974 1231 1204 1287 viguerint.
1273 1230 1370 1274 Jam
1409 1229 1453 1273 id
1494 1227 1666 1285 quidem

166 1319 220 1348 ex
252 1305 442 1349 virorum
473 1306 738 1362 doctorum¹)
769 1306 1191 1362 perscrutationibus
1229 1305 1401 1349 videtur
1442 1315 1666 1360 apparere,

260 1501 294 1547 1)
319 1500 569 1539 Kramerus
594 1502 737 1550 primus
763 1502 861 1539 libro
887 1502 950 1550 qui
975 1502 1194 1539 inscribitur
1228 1502 1376 1549 „Ueber
1406 1500 1487 1546 Styl
1511 1511 1549 1535 u.
1573 1498 1667 1535 Her-

166 1558 278 1594 kunft
295 1559 363 1595 der
380 1560 572 1597 bemalten
590 1562 731 1607 griech.
748 1561 1053 1607 Thongefaesse“
1078 1561 1203 1596 multis
1221 1560 1452 1606 argumentis
1470 1557 1666 1594 confirma-

164 1616 238 1661 vit,
271 1628 360 1652 vasa
391 1618 430 1653 in
454 1618 565 1654 Italia
597 1620 748 1664 reperta
773 1619 811 1653 in
836 1618 995 1655 Graecia
1020 1622 1058 1654 et
1080 1617 1232 1663 quidem
1256 1617 1296 1652 in
1326 1617 1452 1652 Attica
1482 1615 1668 1651 fabricata

167 1685 260 1709 esse.
310 1674 535 1712 Kramerum
560 1675 730 1722 sequitur
755 1674 797 1711 O.
822 1675 846 1711 J
857 1675 1018 1712 ahnius
1043 1677 1083 1711 in
1107 1675 1205 1712 libro
1230 1675 1293 1721 qui
1310 1673 1526 1711 inscribitur
1551 1672 1665 1718 „Ein-

164 1731 311 1780 leitung
335 1734 374 1769 in
400 1733 461 1770 die
486 1734 776 1779 Vasenkunde‚“
808 1734 962 1781 insuper
985 1734 1116 1781 positis
1140 1733 1377 1770 vasculorum
1408 1731 1560 1768 fabricis
1585 1742 1667 1767 ver-

162 1790 306 1824 naculis
338 1791 377 1826 in
408 1791 520 1827 Italia
550 1790 748 1833 inferiore,
787 1792 913 1827 Sicilia
943 1795 1056 1837 atque
1088 1791 1243 1827 Etruria
1273 1790 1507 1837 temporibus
1545 1789 1665 1824 multo

163 1848 449 1891 posterioribus.
500 1849 715 1885 Gerhardus
750 1850 962 1889 (Archaeol.
990 1849 1113 1895 Zeitg.
1149 1849 1248 1885 1855.
1274 1848 1377 1894 XIII,
1408 1860 1465 1895 pg.
1491 1847 1665 1883 99—110.

166 1906 370 1950 114—120)
393 1910 505 1953 putat
528 1908 713 1953 majorem
744 1907 858 1944 fuisse
889 1920 1088 1944 numerum
1118 1908 1346 1946 fabricarum
1379 1907 1595 1943 Italicarum
1626 1908 1666 1940 et

163 1964 361 1999 contendit
377 1965 496 2001 multa
513 1966 692 2013 opificum
711 1968 749 2002 et
762 1966 1055 2003 vasculariorum
1073 1965 1235 2012 collegia
1252 1963 1664 2012 („Kuenstlergilden“)

163 2021 201 2055 in
232 2020 379 2056 Italiam
406 2022 647 2069 demigrasse.
704 2024 748 2059 E.
781 2024 1010 2059 Braunius
1044 2024 1305 2070 (Archaeolog.
1339 2023 1529 2069 Anzeiger
1564 2022 1663 2057 1856.

161 2090 224 2124 pg.
254 2079 343 2113 188²*-
368 2080 443 2115 Zur
467 2080 647 2117 Revision
673 2081 741 2117 der
766 2081 1034 2126 Vasenkunde3
1059 2082 1257 2119 briessiche
1281 2081 1542 2127 Mittheilung)
1573 2078 1663 2115 Ger-

162 2136 322 2170 hardum
347 2141 499 2173 secutus
523 2142 722 2184 praeterea.
747 2139 860 2174 etiam
886 2139 1014 2183 Caere,
1040 2139 1172 2184 Nolae,
1198 2140 1323 2176 Cumis
1348 2139 1509 2175 fabricas
1533 2147 1663 2173 verna—

161 2193 265 2228 culas
290 2194 405 2229 fuisse
431 2195 675 2231 demonstrat.
723 2197 834 2231 Anno
860 2196 1009 2232 demum
1038 2198 1124 2233 1871
1151 2209 1211 2234 res
1235 2197 1358 2234 denuo
1376 2195 1590 2233 examinata
1607 2195 1665 2228 est

160 2262 182 2285 a
206 2250 395 2296 Brunnio;
437 2254 501 2299 qui
534 2255 589 2289 vir
621 2254 859 2290 doctissimus
898 2255 1117 2301 explanavit
1153 2258 1277 2292 artem
1311 2254 1454 2302 figuras
1490 2254 1529 2290 in
1565 2252 1663 2290 vasis

160 2308 343 2354 pingendi
379 2310 489 2356 nigro
526 2311 653 2346 colore
679 2314 718 2346 et
740 2311 856 2346 rubro
882 2312 1010 2347 colore
1044 2312 1231 2348 liberioris
1262 2313 1338 2348 stili
1368 2313 1404 2348 in
1437 2313 1564 2347 Attica
1594 2321 1663 2356 per

159 2370 307 2415 tempus
324 2368 442 2405 multo
461 2368 584 2415 majus
610 2369 763 2406 durasse
788 2381 902 2416 quam
927 2369 1170 2418 archaeologi
1196 2371 1407 2419 superiores
1423 2371 1662 2418 putaverant,

160 2437 244 2460 cum
280 2438 454 2470 magnam
487 2430 634 2472 partem
665 2440 840 2463 vasorum
872 2429 1002 2474 figuris
1033 2430 1152 2474 nigris
1189 2432 1407 2465 ornatorum
1442 2428 1662 2464 archaistica

159 2493 239 2517 esse
272 2482 562 2521 demonstraret.
626 2483 706 2529 Qua
737 2485 775 2521 in
807 2498 849 2523 re
888 2487 1087 2535 Helbigius
1127 2486 1278 2530 (Bullet.
1316 2486 1403 2523 dell'
1439 2486 1529 2522 Inst.
1559 2484 1659 2521 arch.

162 2541 262 2574 1871.
294 2552 357 2587 pg.
389 2543 435 2577 85
459 2544 554 2587 sqq.)
586 2544 625 2577 et
658 2542 860 2579 Bursianus
891 2544 1067 2589 (Literar.
1102 2544 1302 2580 Centralbl.
1338 2547 1438 2580 1871.
1473 2556 1534 2591 pg.
1565 2546 1660 2585 34⁶2).

157 2598 322 2634 Brunnio
355 2599 610 2636 assentiuntur
641 2600 785 2636 etiamsi
821 2613 927 2647 vasa,
959 2614 1053 2647 quae
1084 2606 1170 2650 post
1200 2607 1374 2648 quartum
1407 2603 1595 2639 saeculum
1628 2614 1659 2636 a.

158 2656 222 2690 Ch.
248 2669 285 2692 n.
312 2656 410 2692 facta
435 2657 524 2702 sint,
549 2657 703 2693 fabricis
730 2659 834 2695 Italis
860 2661 1071 2696 vernaculis
1094 2661 1273 2697 tribuant.
1300 2681 1343 2686 —-
