1920 3216
828 168 1113 211 ——31—

223 282 420 329 tabulam
457 283 517 328 ibi
559 282 817 329 collocatam
860 299 942 341 pro
979 283 1100 328 fonte
1120 283 1408 340 ‚picturarum
1446 282 1717 327 vasariarum

224 358 427 403 habuisse
446 358 638 412 videtum
659 372 791 415 quam
812 358 997 403 eandem
1013 358 1276 403 sententiam
1289 358 1510 403 Prellerns
1521 357 1553 414 ¹)
1568 358 1717 413 (1854)

225 432 408 489 protulit
439 433 569 477 certis
599 433 754 478 verbis.
813 433 1057 478 Prellerum
1087 437 1236 477 autem
1266 446 1408 489 pauca
1428 436 1600 476 tantum
1629 446 1719 476 vas·

226 508 336 562 cula,
367 522 481 564 quae
510 508 596 553 huc
625 508 860 553 referenda
886 511 1000 562 sunt,
1031 508 1208 564 cognita
1226 507 1434 553 habuisse
1455 507 1547 551 veri
1578 506 1719 551 simile

226 585 312 636 est,
349 596 481 639 quam
512 582 568 626 ob
598 597 691 627 rem
721 582 1006 627 Bluemuerus
1015 581 1047 638 ²)
1078 582 1229 639 (1870)
1270 581 1511 626 Prellerum
1534 586 1718 643 'secutus

225 656 421 714 ejusdem
452 657 590 702 verba
618 657 814 714 paullum
844 657 1074 714 restringit
1097 655 1219 713 justo
1243 656 1356 713 jure.
1386 682 1442 688 —-
1471 657 1639 711 Restat,
1669 661 1719 700 ut

224 746 428 776 moneam
469 732 689 788 prioribus
737 731 1006 790 temporibus
1049 744 1233 788 parvum
1277 735 1447 775 tantum
1489 745 1717 776 numerum

224 820 427 851 vasorum
464 805 511 850 in
552 805 701 851 Sicilia
740 811 786 851 et
822 805 952 852 Italia
995 806 1200 851 inferiore
1246 809 1520 863 repertorum
1566 810 1717 859 notum

224 880 385 926 fuisse:
438 896 510 935 ea,
561 895 675 938 quae
726 881 962 926 Muellerus
1012 885 1058 925 et
1108 880 1397 939 Welckerus³)
1450 886 1720 926 enumerant.

227 957 419 1009 Quorum
450 957 536 1001 duo
567 956 703 1002 fuisse
734 958 914 1002 Vulceis
947 956 1108 1002 effossa
1142 956 1264 1001 nulla
1300 957 1429 1002 modo
1465 957 1610 1002 adhuc
1647 972 1718 1002 ar-

227 1032 452 1087 chaeologi
488 1036 788 1087 respexerunt.
858 1034 1104 1075 Attamen
1143 1032 1413 1075 maximum
1458 1046 1580 1075 esse
1620 1033 1718 1075 tri·

224 1105 486 1150 buendum
525 1111 835 1151 momentum
875 1105 1043 1151 terris
1083 1108 1139 1148 'et
1175 1106 1313 1150 locis
1350 1105 1437 1150 ubi
1480 1105 1719 1158 vascula,

230 1194 344 1237 quae
375 1183 572 1224 nostram
592 1180 784 1225 fabulam
811 1183 1157 1239 repraesentant,
1187 1184 1405 1236 reperta
1434 1180 1568 1234 sint,
1602 1180 1719 1239 equi-

226 1256 325 1300 dem
356 1259 475 1313 puto.
536 1256 662 1309 Quod
693 1271 830 1314 nuper
859 1254 1136 1311 Lorenzius⁴)
1169 1281 1213 1288 -
1251 1269 1366 1299 anno
1400 1257 1524 1308 1864,
1558 1268 1645 1312 quo
1666 1271 1720 1300 ex

226 1334 423 1387 tempore
453 1344 580 1375 nemo
612 1331 666 1375 de
696 1332 766 1377 his
796 1331 981 1390 picturis
1012 1330 1194 1376 vasariis
1224 1330 1312 1386 egit
1343 1355 1393 1361 —
1427 1330 1548 1375 hisce
1577 1329 1719 1375 verbis

144 1430 146 1432 >
226 1407 413 1450 monuit:
475 1406 727 1461 „Demnach
764 1408 935 1452 konnen
973 1408 1051 1451 wir
1086 1407 1197 1452 auch
1238 1408 1283 1449 in
1311 1406 1407 1450 den
1447 1405 1721 1451 zahlreichen

228 1481 562 1536 Vaoenbildern,
613 1482 775 1528 welche
823 1484 919 1528 eine
958 1483 1121 1535 andere
1163 1482 1299 1527 Scene
1351 1496 1429 1526 aus
1471 1479 1721 1526 demselben

227 1557 404 1617 Mythus
445 1557 709 1611 behandeln‚
752 1559 859 1601 aber
896 1558 968 1601 die
1007 1557 1321 1614 Riickfiihrung
1358 1557 1435 1600 des
1477 1555 1722 1599 trunkenen

230 1632 428 1688 Hephast
458 1632 594 1677 durch
615 1633 827 1687 Bakchos,
858 1634 953 1677 eine
972 1632 1289 1678 theatralische
1308 1631 1605 1676 Reminiscenz
1628 1645 1721 1674 ver-

228 1706 407 1750 muthen
443 1732 490 1738 —-
524 1707 695 1752 obwohl
731 1723 832 1753 man
871 1708 965 1752 sich
1005 1708 1101 1752 hier
1129 1722 1207 1751 vor
1239 1706 1601 1763 Verwechselung
1643 1706 1722 1749 mit

227 1782 443 1825 attischen
482 1783 628 1826 Vasen
665 1783 798 1826 hiiten
838 1798 957 1829 muss
994 1784 1083 1831 und
1119 1784 1386 1840 keineswegs
1424 1782 1616 1834 iiberall‚
1656 1796 1719 1825 wo

226 1857 426 1913 Hephast
455 1856 498 1899 in
530 1857 817 1901 bakchiseher
848 1850 1152 1903 Gesells'chaft'
1169 1859 1244 1911 ist,
1277 1873 1333 1902 an
1359 1857 1459 1914 jene
1492 1857 1721 1901 Riickkehr

227 1931 397 1975 denken
428 1931 541 1985 darf,
574 1946 623 1976 so
649 1947 689 1979 z.
714 1933 763 1976 B.
795 1933 916 1977 nicht
946 1933 1015 1977 bei
1047 1933 1200 1985 Millin,
1231 1933 1342 1977 Gall.
1375 1933 1507 1990 myth.
1542 1936 1607 1987 13,
1637 1935 1720 1975 337

227 2006 303 2065 [0]
337 2010 407 2061 85,
441 2010 523 2052 338
557 2007 649 2065 [Ρ],
687 2008 739 2051 de
770 2008 814 2053 la
844 2008 1009 2063 Borde‚
1053 2009 1221 2053 collect·
1258 2008 1312 2053 de
1350 2023 1475 2054 vases
1506 2023 1631 2066 grecs
1661 2007 1721 2051 du

228 2086 371 2126 comte
411 2082 466 2127 de
495 2083 708 2140 Lamberg
740 2084 771 2137 1,
804 2086 858 2127 52
900 2082 1019 2141 [RB]
1059 2098 1100 2127 u.
1131 2087 1196 2128 a.“
1240 2109 1289 2116 —
1332 2083 1458 2139 Quod
1498 2086 1721 2141 postremo

228 2158 324 2200 loco
367 2159 472 2201 dicit
506 2183 549 2189 —
588 2159 782 2213 picturas
819 2158 1092 2203 vasculorum
1123 2158 1178 2216 0,
1210 2159 1270 2216 P,
1303 2159 1403 2215 BR,
1442 2159 1623 2202 Vulcani
1653 2173 1721 2202 re-

228 2232 479 2279 ductionem
511 2248 598 2277 non
628 2237 962 2289 repraesentare
995 2259 1046 2266 -
1078 2234 1162 2278 hac
1191 2235 1235 2279 in
1265 2249 1313 2279 re
1334 2235 1488 2278 mirum
1510 2238 1720 2290 quantum

322 2408 359 2445 1)
385 2405 532 2442 Grieeh.
557 2406 794 2452 Mythol‘ogie
817 2407 864 2443 1³.
889 2419 951 2453 pg.
980 2410 1058 2443 144.
1084 2428 1130 2433 —

321 2466 359 2509 2)
384 2463 432 2502 de
456 2463 616 2503 Vulcani
639 2463 680 2501 in
703 2466 778 2502 vet.
803 2467 874 2502 art.
899 2476 998 2502 mon.
1023 2464 1148 2513 figura
1163 2464 1411 2504 Vratislaviae
1437 2466 1538 2503 1870.
1569 2478 1633 2513 pg.
1661 2467 1720 2503 19:

228 2523 344 2567 „haec
380 2522 509 2558 fabula
537 2522 578 2557 in
609 2523 752 2567 templo
783 2523 922 2558 Bacchi
950 2526 1099 2559 vetusta
1134 2524 1284 2570 pictura
1320 2527 1598 2570 repraesentata
1629 2527 1722 2568 erat,

231 2591 343 2625 quam
368 2590 542 2618 vasorum
565 2576 730 2627 pictores
755 2583 871 2627 certe,
895 2585 939 2616 ut
962 2581 1112 2628 opinor,
1137 2579 1366 2617 interdum
1389 2580 1529 2617 imitati
1553 2583 1650 2617 sunt.
1675 2602 1721 2607 -

323 2638 360 2683 3)
385 2638 599 2674 Handbuch
624 2638 692 2674 der
715 2638 910 2675 Archaeol.
959 2641 992 2674 3.
1013 2639 1115 2675 Aufi.
1142 2640 1222 2679 367.
1248 2641 1281 2675 3.
1307 2659 1354 2665 -

321 2695 357 2741 4)
382 2695 512 2731 Lebcn
537 2708 572 2731 u.
590 2695 778 2731 Schriften
795 2695 860 2731 des
876 2695 995 2732 Koers
1013 2697 1229 2743 Epicharm.
1257 2699 1357 2743 1864,
1383 2709 1446 2744 pg.
1462 2699 1508 2733 24
1524 2696 1609 2734 adn.
1626 2698 1658 2732 9.
1677 2717 1719 2722 —-
