1920 3216
55 3203 123 3216 ηιμὸα-

801 129 971 190 —ssp4'9
1031 167 1088 196 ÷

176 256 541 317 Vvascularicrum
591 247 780 300 animum
803 296 808 300 .
831 256 1034 318 ludorum
1083 257 1384 301 ,scaenicorum
1432 255 1687 307 ,Siculorum
1763 307 1765 309 ¹

199 331 410 378 memoria
437 330 646 375 subierat
704 331 833 391 Fieri
854 335 1028 381 autem
1048 332 1190 390 potuit
1219 331 1352 376 etiam
1381 330 1446 383 id,
1483 333 1535 374 ut
1574 330 1688 374 lecto

200 406 399 465 dramate
440 431 492 438 —
533 403 624 449 sive
666 405 830 449 comico
865 405 954 449 sive
990 407 1187 463 satyrico
1223 432 1269 438 —
1304 408 1689 458 commoverentur,
1742 442 1746 445 .

179 484 250 545 „¹¹¹³
277 469 470 525 fabulam
501 480 674 536 pictura
692 480 944 538 vascularia
957 485 1349 546 repraesentarent.
1400 473 1521 536 Quae
1546 481 1691 537 omnia

196 555 243 599 in
273 555 519 600 universum
550 554 844 610 consideranti
875 551 1116 601 Atticorum
1147 557 1302 601 drama
1323 556 1559 613 satyricum
1590 568 1691 598 esse

199 631 378 683 fontem,
410 644 464 674 ex
486 621 574 686 qud
601 614 827 674 hauserint
855 608 1045 701 pictores
1072 631 1248 685 uasat-ii,
1279 631 1383 675 mihi
1404 630 1579 674 videtur
1598 630 1689 674 veri

202 704 482 758 simillimum,
504 718 602 748 cum
622 707 878 765 praesertim
898 707 1094 763 picturae
1114 706 1312 750 vasariae
1330 705 1416 751 huc
1430 704 1690 761 referendae

200 778 276 839 (Q,
300 778 371 836 Β,
402 779 463 834 Τ,
494 775 556 843 U)
588 779 774 835 speciem
807 781 1023 837 quandam
1043 778 1234 837 Atticam
1264 771 1518 836 praebeant.
1569 779 1691 822 Nihi-

199 853 385 897 lomi-nus
415 854 848 909 repraesentationes·
857 855 1078 927 scaenicas
1099 842 1272 913 fabulae
1294 847 1510 923 satyricae
1542 857 1689 897 utrum

197 920 316 985 ipsas
346 927 505 976 imitati
534 927 622 988 sint
654 926 843 991 pictores
872 942 928 972 an
959 923 1077 974 more
1106 933 1279 975 tantum
1311 932 1356 972 et
1384 918 1556 971 ratione
1585 941 1687 985 poe-

198 1007 340 1046 tarum
372 1003 621 1050 dramatum
651 1003 937 1059 satyricorum
960 1002 1200 1059 pinxerint
1232 1004 1275 1046 in
1298 1002 1481 1059 singulis
1510 1003 1691 1058 picturis
1718 1042 1721 1045 .

198 1078 464 1135 perscrutari
494 1077 714 1122 debemus.
775 1068 862 1121 Sed
881 1075 884 1079 ’
905 1073 1037 1128 etiam
1064 1072 1116 1121 'in
1148 1079 1395 1125 universum
1429 1078 1491 1123 -de
1527 1077 1612 1121 hac
1641 1092 1690 1120 re

196 1165 338 1209 pauca
365 1153 655 1215 praemittam.

315 1225 559 1269 Dicendum
575 1226 704 1282 igiter
726 1230 792 1269 est
812 1226 998 1289 primum
1020 1200 1072 1269 de
1093 1229 1212 1279 locis,
1244 1229 1319 1270 ubi
1339 1228 1518 1270 vascula
1533 1227 1691 1270 effossa

199 1302 298 1344 sint.
359 1300 416 1361 Q,
446 1299 507 1357 B,
539 1299 570 1346 S
600 1300 655 1345 in
674 1300 833 1356 Magna
870 1300 1074 1354 Graecia,
1111 1302 1150 1347 Τ
1181 1302 1327 1346 Nolae
1354 1307 1575 1359 repertum
1613 1297 1692 1353 esf,

198 1376 278 1419 sed
313 1374 550 1429 nescimus,
592 1374 667 1418 ubi
704 1374 748 1419 U
768 1374 977 1419 effossum
1010 1379 1076 1436 sit.
1143 1365 1422 1438 Quapropter
1462 1377 1508 1419 in
1544 1373 1690 1431 Attica
1721 1379 1723 1381 ’

189 1442 304 1493 'ficta
333 1454 378 1493 et
406 1448 557 1504 figuris
587 1453 743 1492 ornata
774 1462 870 1492 esse
899 1450 1077 1493 vascula
1096 1463 1184 1494 non
1204 1451 1414 1494 videntur.
1468 1451 1689 1502 Quaeren-
1707 1451 1709 1453 ’

199 1522 317 1570 tibus
347 1527 493 1568 autem
531 1523 637 1580 quid
672 1522 718 1566 in
756 1523 875 1568 hisce
911 1525 1092 1594 picturis
1132 1527 1394 1577 inveniatul,
1440 1526 1557 1582 quod
1593 1539 1689 1569 cum

200 1585 410 1660 Italorum
441 1597 635 1657 moribus
666 1603 709 1641 et
737 1597 890 1642 habitu
918 1591 1154 1656 congruat,
1194 1600 1298 1644 nihil
1329 1600 1469 1644 nobis.
1484 1601 1686 1651 occurrit,

199 1678 250 1717 ut
267 1674 386 1718 haud
407 1673 599 1717 abnuere
619 1673 833 1728 possimus
854 1674 1016 1722 fontem
1025 1674 1193 1738 fuisse
1181 1690 1226 1718 m
1231 1675 1404 1726 Attica,
1425 1675 1688 1731 praesertim

199 1763 297 1793 cum
328 1749 460 1792 etiam
485 1747 568 1790 hoc
587 1741 683 1790 lo'c'o
705 1747 811 1790 mihi
829 1748 874 1790 in
893 1752 1078 1795 mentem
1096 1735 1255 1802 veniat,
1278 1749 1412 1804 ,quod
1437 1750 1529 1805 jam
1557 1762 1690 1805 supra

199 1824 308 1868 dixi:
355 1824 400 1867 in
437 1836 637 1885 vasorum
676 1821 855 1868 fabricis
898 1811 1141 1868 vernaculis
1179 1823 1335 1885 Italiae
1380 1823 1598 1867 inferioris
1617 1879 1622 1885 ,
1643 1827 1690 1872 et

200 1895 579 1958 Siciliaelopifices
610 1886 777 1941 Atticos
808 1896 955 1957 fuis-se,
987 1897 1063 1954 qui
1089 1897 1266 1942 'fabulas
1296 1885 1469 1942 Atticas
1498 1902 1554 1941 et.
1571 1898 1688 1954 inge-

199 1973 318 2016 nium
361 1972 550 2016 Atticum
594 1973 640 2015 in
684 1972 856 2016 Italiam
898 1973 1024 2034 quasi
1066 1976 1382 2029 exportassent.
1430 1997 1480 2004 -
1523 1972 1689 2029 Dijudi-

200 2047 398 2094 cantibus
440 2048 602 2101 autem,
644 2051 791 2108 utrum
829 2046 1027 2102 picturae
1063 2047 1261 2091 vasariae
1301 2046 1358 2090 ad
1398 2047 1687 2102 imitationem

194 2122 402 2166 ludorum
432 2122 728 2180 scaenicorum
759 2135 815 2165 an
846 2124 969 2166 more
1007 2122 1147 2180 solum
1182 2108 1228 2165 et
1253 2123 1426 2183 ratione
1458 2128 1688 2179 poetarum

201 2198 447 2242 dramatum
478 2196 765 2254 satyricorum
787 2198 1056 2254 compositae
1076 2198 1176 2251 sint,
1206 2197 1392 2241 maxime
1420 2196 1688 2254 singularum

199 2273 435 2329 figurarum
496 2274 591 2315 cum
643 2258 820 2330 'habitus
883 2281 974 2332 tum
1022 2277 1165 2316 vestes
1215 2273 1481 2328 exquirenda
1526 2271 1689 2327 nsunt.¹)

200 2345 285 2392 Ubi
306 2347 420 2392 enim
441 2351 594 2411 ‘vestes
623 2338 850 2392 scaenicae
878 2362 964 2392 non
995 2347 1281 2399 inveniuntur,
1314 2346 1593 2391 statuendum
1624 2350 1691 2391 est

296 2488 333 2533 1)
359 2458 406 2522 cf.
437 2485 500 2522 Fr.
528 2485 728 2533 Wieseler,
762 2485 796 2522 d.
828 2485 1037 2533 Satyr'epiel
1064 2484 1162 2522 nach
1191 2484 1388 2532 Massgabe
1418 2458 1521 2521 eines
1550 2482 1688 2521 Vaeen-

198 2544 330 2581 hildes.
378 2543 605 2590 Goettinger
635 2543 739 2580 Stud.
774 2544 874 2580 1847.
906 2547 940 2580 2.
963 2543 1077 2580 Abth.
1110 2555 1180 2590 pgs
1205 2544 1273 2579 565
1296 2555 1363 2589 sq„
1400 2554 1562 2588 express.
1586 2543 1688 2579 Mon„

158 2592 166 2651 f
200 2601 288 2638 ‹1011’
325 2601 415 2638 Inst.
458 2601 533 2647 111,
570 2601 625 2637 ει.
664 2599 711 2637 cr.
743 2601 854 2652 ιιιιιιι.Δ
876 2603 976 2638 1837.
994 2592 998 2596 ’
1017 2613 1081 2648 pg.
1107 2602 1170 2636 85.
1220 2598 1320 2636 1840.
1350 2611 1412 2646 pg.
1440 2601 1517 2636 188.
1551 2601 1689 2636 Annali

200 2659 301 2695 XIII.
327 2660 426 2695 1847.
449 2670 513 2706 pg.
537 2659 603 2712 302
630 2670 708 2705 sqq.
733 2659 797 2701 (de
819 2658 963 2705 witta).
991 2679 1036 2684 -
1068 2669 1073 2672 ’

1456 2720 1479 2751 4
