1920 3216
195 257 328 298 menti
371 257 530 299 servati
568 257 719 299 habita
762 256 932 299 ratione
969 257 1144 311 copiose
1177 255 1426 310 explicavit,
1474 256 1690 310 quomodo

192 329 392 373 instituta
415 329 547 373 fuerit
562 329 723 374 Achaei
744 328 904 372 fabula.
935 328 1100 372 Versus
1116 331 1261 372 autem
1284 328 1399 384 apud
1420 328 1685 372 Athenaeum

194 406 355 447 Bacchi
388 410 433 447 et
464 405 644 447 Vulcani
676 405 935 459 colloquium
968 405 1177 459 praebent
1209 408 1253 446 et
1283 405 1343 446 sic
1374 405 1637 459 leguntur-D:

308 496 464 540 Bacch.
496 492 636 554 θοίνῃ
668 510 718 538 σε
751 497 932 556 πρῶτον
961 494 1203 553 τέρψομεν.
1257 491 1450 554 πάρεστι
1479 492 1542 539 δέ.

344 570 460 613 ΧίιΙο.
491 567 543 611 τὸ
575 566 785 627 δεύτερον
817 569 866 612 δὲ
897 571 960 626 τῷ
989 585 1046 623 με
1077 566 1288 628 κηλήσεις
1316 567 1500 627 quinq),-

311 646 467 689 Bacch.
498 642 626 701 μύρῳ
659 659 709 686 σε
737 641 878 700 χρίσω
912 642 1108 698 πάμπαν
1138 638 1316 700 εὐόσμῳ
1348 643 1500 699 δέμας.

346 720 463 762 Vulc.
495 716 618 776 ὕδωρ
652 717 702 761 δὲ
734 715 871 772 νίψαι
899 721 1053 777 χεῖρας
1084 712 1137 759 οὐ
1168 715 1376 775 πρόσθεν
1405 715 1567 772 δίδως;

307 795 465 837 Bacch.
499 790 590 835 ναί·
642 790 718 834 καὶ
747 790 951 851 τράπεζά
984 787 1029 848 γ’
1061 790 1270 836 ἐκποδών
1301 786 1561 850 ἀπαίρεται.

308 886 461 942 Neque
501 886 748 938 abnuerim,
788 899 873 928 non
913 885 1059 940 inepte
1101 883 1179 927 sed
1209 884 1405 940 apposite
1438 886 1686 941 excogitata

191 977 288 1004 esse
321 975 430 1016 quae
463 959 744 1014 Urlichsius2)
776 958 954 1014 profert.
981 984 1031 989 —
1055 959 1161 1000 Post
1182 959 1423 1013 Grysarum
1454 960 1687 1003 Lorenzius

189 1038 243 1080 de
277 1039 535 1091 argumento
567 1034 819 1079 comoediae
842 1032 1154 1089 Epicharmeae
1177 1032 1311 1077 verba
1343 1032 1447 1075 fecit
1468 1034 1687 1080 uberiora.

192 1110 393 1153 Muelleri
425 1110 664 1152 sententiae
694 1123 790 1151 eum
819 1108 1052 1150 maximam
1079 1112 1247 1163 partem
1279 1108 1403 1163 sequi
1429 1108 1521 1162 jam
1557 1124 1688 1165 supra

192 1185 540 1228 commemoravi.
601 1184 745 1227 Minus
777 1187 923 1225 autem
955 1181 1437 1236 congruitWelckerus
1478 1198 1576 1227 cum
1609 1186 1687 1229 Ur-

191 1259 360 1307 lichsio,
393 1259 466 1313 qui
486 1258 783 1301 reductionem
806 1256 908 1299 irati
931 1256 1000 1299 dei
1020 1256 1063 1298 in
1087 1255 1250 1298 Achaei
1272 1256 1472 1300 dramate
1494 1260 1683 1315 satyrico

190 1334 356 1377 factam
395 1333 607 1388 judicavit
644 1347 739 1375 esse
783 1331 882 1373 dolo
914 1331 1092 1383 Bacchi,
1135 1330 1210 1385 qui
1250 1330 1405 1373 callide
1445 1332 1685 1379 dissimula-

286 1460 323 1501 1)
352 1458 398 1494 cf.
424 1458 568 1497 Nauck,
595 1458 840 1503 Tragicorum
866 1458 1042 1494 Graecor.
1067 1456 1201 1502 fragm.
1226 1469 1290 1503 pg.
1309 1460 1389 1493 582.
1414 1458 1545 1505 fragm.
1566 1462 1620 1495 16.
1643 1481 1687 1486 -

283 1518 321 1559 2)
350 1516 373 1550 l.
399 1527 431 1550 c.
455 1526 517 1560 pg.
543 1516 588 1549 59
613 1525 666 1559 sq.
692 1515 818 1550 Verba
843 1515 924 1559 ejus
948 1515 1063 1549 haece
1089 1517 1192 1548 sunt:
1231 1514 1375 1559 „Scena
1399 1516 1438 1550 in
1464 1517 1605 1551 Lemno
1630 1518 1686 1553 in-

189 1574 269 1609 sula
300 1573 338 1608 in
369 1572 527 1607 Vulcani
558 1571 710 1608 officina
740 1576 807 1607 est.
856 1572 1077 1607 Adveniunt
1117 1572 1242 1616 Satyri
1280 1573 1481 1609 laetissimo
1520 1575 1680 1620 agmine,

188 1643 280 1676 quos
306 1630 476 1675 sequitur
499 1629 680 1665 Bacchus.
728 1629 853 1665 Primo
878 1630 1036 1665 miratur
1059 1629 1263 1672 Vulcanus,
1296 1630 1410 1665 etiam
1436 1644 1542 1677 num,
1568 1643 1682 1677 quum

188 1691 264 1724 iam
290 1689 419 1735 plures
445 1688 601 1723 deorum
625 1687 795 1733 nuntios,
821 1688 860 1723 in
885 1700 1044 1734 quorum
1069 1698 1223 1722 numero
1247 1687 1407 1724 Martem
1432 1688 1547 1725 fuisse
1569 1702 1686 1737 supra

188 1747 429 1791 coniecimus,
455 1746 730 1791 repudiaverit,
755 1758 873 1781 novos
897 1757 1047 1791 semper
1071 1745 1239 1791 hospites
1264 1758 1349 1782 eum
1375 1749 1537 1789 tentare,
1566 1753 1607 1783 ut
1631 1761 1688 1785 re·

187 1806 286 1848 deat,
313 1804 414 1849 quod
440 1816 479 1839 se
504 1804 609 1838 nullo
635 1803 747 1837 modo
774 1803 960 1837 facturum
986 1814 1066 1838 esse
1091 1806 1243 1838 strenue
1261 1804 1470 1839 confirmat.
1519 1795 1687 1841 Bacch-us

186 1865 325 1906 autem,
351 1862 513 1897 salutato
539 1861 643 1907 prius
668 1861 802 1901 amico,
829 1871 907 1895 non
931 1860 970 1895 id
997 1860 1070 1906 agi,
1096 1861 1235 1906 iuquit,
1262 1865 1303 1896 ut
1327 1862 1459 1897 redeat
1484 1862 1684 1904 Vulcanus,

186 1920 252 1953 sed
285 1932 327 1954 eo
358 1919 484 1964 potius
516 1920 672 1954 consilio
706 1919 745 1954 id
776 1931 798 1953 a
830 1931 870 1954 sc
902 1919 976 1953 iter
1007 1930 1091 1953 cum
1121 1921 1227 1953 tanto
1261 1920 1442 1954 comitatu
1475 1923 1687 1965 susceptum

188 1988 288 2020 esse,
327 1980 369 2011 ut
401 1977 624 2011 familiarem
655 1988 762 2011 suum
793 1975 925 2021 quovis
956 1976 1067 2011 modo
1098 1975 1257 2010 hilarem
1293 1975 1437 2011 reddat.
1486 1978 1610 2023 Atque
1646 1990 1687 2014 se

187 2035 309 2079 ipsum
328 2033 455 2069 taedio
474 2032 691 2079 Olympicae
709 2033 881 2069 miseriae
901 2032 948 2068 ad
964 2036 1130 2069 veterem
1146 2032 1333 2078 hospitem
1351 2034 1570 2079 confugisse.
1605 2036 1686 2071 Illic

186 2092 286 2126 enim
305 2092 359 2126 nil
377 2103 458 2126 esse
476 2102 587 2134 quam
604 2091 716 2135 rixas,
734 2092 877 2135 turbas,
894 2091 1079 2132 taedium3
1099 2091 1293 2135 simulque,
1310 2103 1421 2135 quam
1438 2093 1571 2128 misere
1587 2106 1687 2129 nunc

186 2150 225 2184 in
252 2149 410 2195 Olympo
437 2148 602 2193 vivatur,
629 2148 764 2185 festive
790 2148 981 2184 describit.
1033 2148 1113 2193 Quo
1138 2147 1271 2183 nuntio
1298 2147 1527 2184 exhilaratus
1552 2151 1686 2186 Vulca-

185 2219 255 2242 nus
287 2219 326 2242 se
360 2207 412 2241 ita
437 2206 608 2242 inimicos
633 2207 753 2241 ultum
780 2218 860 2242 esse
886 2207 1056 2242 laetatur.
1106 2205 1385 2251 Olympicorum
1410 2206 1596 2243 miseriam
1623 2209 1685 2244 Sa-

185 2264 257 2308 tyri
284 2275 433 2309 quoque
459 2263 619 2298 fortasse
645 2262 759 2298 choro
785 2263 1012 2299 cecinerunt.
1061 2262 1157 2297 Tum
1181 2262 1347 2298 Bacchus
1373 2273 1458 2297 eum
1483 2264 1531 2299 ad
1556 2265 1685 2311 epulas

186 2322 334 2363 invitat,
360 2333 455 2367 quas
472 2321 580 2356 initio
599 2320 750 2367 quidem
768 2321 857 2357 satis
882 2322 1175 2367 tergiversanter
1191 2320 1381 2356 Vulcanus
1399 2322 1549 2368 accipit,
1575 2335 1686 2368 quae-

186 2391 286 2419 rens,
313 2379 402 2423 quid
428 2379 581 2414 tandem
605 2379 677 2414 sibi
703 2378 870 2414 Bacchus
894 2379 1100 2414 ministrari
1118 2379 1220 2415 velit.
1268 2379 1337 2414 Ille
1353 2379 1578 2416 lautissimas
1596 2393 1685 2427 epu—

185 2438 239 2471 las
273 2436 486 2483 pollicetur.
533 2436 592 2471 Ex
616 2436 687 2471 hoc
714 2436 903 2482 colloquio
922 2448 1062 2478 versus,
1089 2437 1153 2481 qui
1170 2436 1279 2472 nobis
1297 2437 1434 2473 servati
1452 2441 1549 2483 sunt,
1575 2438 1685 2482 petiti

184 2494 377 2530 videntur.
428 2493 575 2539 Epulae
599 2496 798 2540 parantur,
831 2494 1050 2540 Satyrorum
1074 2496 1246 2531 cantibus
1270 2498 1436 2531 ornatae.
1484 2495 1528 2530 In
1552 2496 1685 2541 quibus

185 2565 298 2597 quum
317 2553 511 2588 Vulcanus
536 2552 660 2587 ebrius
686 2552 808 2588 factus
833 2554 901 2593 est,
928 2552 1032 2597 quasi
1056 2564 1125 2598 per
1148 2565 1339 2599 pompam,
1365 2565 1461 2599 quae
1484 2557 1571 2599 post
1595 2565 1682 2589 con-

184 2610 326 2646 vivium
354 2613 509 2655 agatur,
536 2611 640 2644 asino
666 2609 860 2655 impositus
886 2609 1148 2655 proficiscitur.
1198 2611 1319 2655 Satyri
1346 2613 1566 2656 sequuntur,
1592 2611 1683 2647 Bac-

185 2667 245 2704 chi
271 2667 446 2703 astutiam
476 2667 689 2703 laetissimis
716 2667 941 2703 carminibus
969 2668 1213 2704 celebrantes.
1240 2688 1283 2692 —
