1920 3216
786 132 955 197 Ψ-Ϊ4-’1
1016 178 1067 185 -

180 283 338 313 averso
384 271 498 315 vasis
542 271 683 314 latere
723 270 889 326 pictam
934 283 1063 325 quam
1109 268 1488 313 commutationem
1532 269 1670 324 pictor

180 346 380 391 vasarius
400 346 600 392 consulto
621 345 776 390 fecisse
796 342 953 403 potest,
974 348 1024 388 ut
1044 344 1094 387 in
1111 348 1298 401 utroque
1320 344 1459 388 latere
1480 344 1669 387 medium

181 424 329 464 teneat
355 421 497 477 figura
525 421 746 477 primaria.
817 420 901 465 Sed
931 421 979 464 ἐἰ
1013 420 1058 463 in
1095 419 1183 479 qq
1223 419 1407 464 alteram
1439 419 1568 474 juxta
1608 419 1670 461 al-

179 498 321 539 teram
351 510 623 552 poneremus,
656 494 805 541 eadem
834 482 962 541 fieret
993 492 1244 552 compositio
1275 496 1407 552 atque
1437 494 1482 537 in
1511 493 1573 551 M,
1605 492 1669 551 N,

181 568 234 618 0,
254 569 315 614 P.
359 571 564 614 Attamen
585 571 748 613 multae
767 570 812 614 in
834 569 924 630 qq
936 571 1214 613 inveniuntur
1233 570 1399 625 figurae
1418 568 1669 611 bacchicae:

178 644 336 689 iterum
369 645 437 704 (ut
457 647 502 690 in
524 645 567 690 N
587 649 634 689 et
655 645 725 702 P)
749 646 965 690 exstat-in
995 645 1081 706 qq
1113 649 1214 689 ante
1234 644 1455 689 Bacchum
1487 644 1670 701 Satyrus

180 719 324 775 lyram
361 725 407 763 et
445 721 658 777 plectrum
697 735 870 777 gerens,
919 720 1075 764 deinde
1118 720 1296 776 Satyrus
1336 720 1506 763 duabus
1552 719 1670 762 tibiis

179 808 337 839 canens
368 796 438 852 (ut
465 796 510 840 in
541 796 585 841 M
616 800 660 841 et
688 795 762 853 P),
802 796 848 840 in
881 810 1036 840 averso
1072 794 1212 839 latere
1243 794 1418 840 Baccha
1452 795 1593 839 facem
1625 798 1671 838 et

181 869 428 914 oenochoen
458 875 638 928 portans
668 874 736 926 (ut
763 871 808 914 in
838 870 913 927 R),
943 874 1174 927 praeterea
1202 874 1295 913 tres
1326 870 1473 927 Satyri
1503 874 1549 913 et
1577 875 1668 914 tres

181 944 388 989 Bacchae.
449 946 544 998 Qua
582 947 624 989 in
661 947 838 1003 regione
877 945 962 1007 qq
999 945 1202 989 effossum
1240 946 1314 997 sit,
1352 949 1547 989 statuere
1584 959 1670 989 non

180 1023 416 1074 potuerunt
457 1022 652 1064 homines
696 1021 833 1075 docti3
868 1022 960 1077 jam
999 1023 1178 1077 propter
1213 1020 1515 1065 similitudines
1558 1035 1670 1076 quae

183 1094 277 1138 vasi
307 1095 392 1157 qq
423 1101 523 1140 sunt
554 1110 651 1140 cum
683 1095 745 1153 N,
779 1095 834 1150 0,
862 1096 923 1152 P,
954 1096 1018 1150 R,
1055 1094 1295 1152 putandum
1332 1099 1400 1139 est
1434 1096 1477 1138 in
1509 1095 1672 1152 Magna

183 1169 369 1215 Graecia
398 1171 546 1215 fictum
577 1185 687 1224 esse,
720 1171 798 1215 sed
826 1172 870 1214 in
891 1170 1176 1215 delineatione
1198 1170 1306 1214 nihil
1336 1170 1536 1227 equidem
1568 1184 1669 1213 con-

182 1245 331 1301 spicio,
362 1247 478 1303 quod
512 1247 733 1303 proprium
767 1247 825 1290 sit
854 1246 955 1290 stilo
985 1246 1250 1290 fabricarum
1271 1246 1423 1290 Italiae
1450 1245 1670 1289 inferioris

181 1323 258 1364 aut
289 1320 472 1367 Siciliae.
531 1320 696 1366 Contra
734 1325 801 1365 est
839 1325 1159 1377 argumentum,
1196 1321 1313 1378 quod
1350 1320 1453 1364 mihi
1495 1321 1670 1377 quidem
1742 1328 1745 1331 '

182 1395 371 1438 ostendit
401 1395 534 1439 fuisse
577 1397 788 1452 pictorem
826 1395 1023 1452 opificem
1053 1396 1264 1439 Atticum:
1302 1397 1420 1452 picta
1457 1397 1570 1438 enim
1603 1401 1672 1439 est

181 1471 224 1513 in
264 1470 502 1527 amphorae
544 1477 669 1529 parte
711 1472 952 1528 superiore,
1004 1486 1133 1528 quam
1183 1470 1341 1514 collum
1387 1470 1669 1527 appellamus,

181 1560 328 1600 pugna
356 1546 473 1590 inter
502 1549 745 1591 Amazonas
777 1550 822 1589 et
843 1547 1037 1590 Graecos
1067 1546 1195 1590 facta.
1257 1546 1377 1598 Quae
1408 1546 1558 1590 fabula
1586 1561 1670 1590 non

180 1620 320 1664 solum
350 1622 465 1678 apud
494 1620 660 1666 Atticos
689 1622 865 1666 inventa
891 1621 962 1666 vel
997 1619 1102 1664 ficta
1138 1624 1207 1665 est
1235 1620 1314 1665 sed
1345 1621 1476 1665 etiam
1515 1621 1571 1666 ab
1601 1636 1671 1665 ar-

183 1695 370 1739 tificibus
392 1698 545 1740 Atticis
575 1697 833 1753 saepissime
854 1696 1278 1753 repraesentabatur.
1302 1722 1351 1728 —
1377 1697 1670 1750 Quamobrem

182 1771 314 1814 etiam
346 1771 477 1815 aliam
505 1773 801 1829 conjecturam
831 1772 1029 1828 proferre
1049 1772 1153 1815 mihi
1174 1772 1277 1816 licet
1297 1772 1431 1817 hanc:
1462 1772 1549 1833 qq
1576 1786 1669 1816 esso

182 1846 408 1903 imaginem
443 1848 689 1892 accuratius
720 1838 937 1904 depictam
968 1846 1146 1903 majoris
1177 1847 1457 1904 exemplaris,
1502 1861 1554 1890 ex
1586 1862 1670 1903 quo

180 1921 244 1979 M,
277 1922 340 1978 N,
375 1922 429 1981 0,
460 1923 502 1968 P
542 1927 746 1980 excerpta
783 1927 954 1967 tantum
995 1924 1094 1966 sint.
1155 1922 1252 1976 Qua
1290 1924 1543 1981 conjectura
1571 1938 1669 1980 pro-

183 1998 286 2042 bata
320 1999 598 2042 statuendum
629 2003 696 2043 est
725 1998 946 2055 exemplar
976 1998 1043 2041 his
1073 1999 1263 2055 quinque
1292 1999 1406 2043 vasis
1446 2012 1670 2042 commune

181 2072 316 2117 fuisse
345 2073 540 2117 tabulam
572 2073 753 2118 Athenis
784 2075 829 2117 in
859 2072 1023 2130 templo
1044 2067 1204 2118 Bacchi
1224 2085 1407 2130 eamque
1428 2073 1671 2118 ostendisse

180 2147 398 2192 Bacchum
439 2153 483 2191 et
527 2149 768 2192 Vulcanum
811 2163 897 2192 non
935 2149 1190 2205 conjunctos
1227 2148 1302 2192 sed
1341 2148 1485 2191 multis
1521 2148 1671 2204 figuris

181 2229 449 2280 segregatos.
511 2224 668 2267 Verum
701 2226 840 2268 denuo
871 2225 1001 2268 velim
1021 2224 1313 2269 reminiscaris
1335 2224 1455 2267 hisce
1475 2224 1518 2267 in
1540 2224 1671 2268 rebus

181 2296 434 2357 argumenta
464 2301 635 2345 omnino
667 2304 788 2345 certa
824 2299 973 2344 afferri
1008 2315 1092 2345 non
1129 2314 1270 2358 posse.
1331 2299 1513 2344 Multum
1556 2300 1670 2342 enim

180 2376 416 2431 profecisse
438 2390 516 2419 nos
536 2380 694 2432 putare
712 2377 828 2430 licet,
849 2378 886 2419 si
908 2377 1010 2432 quid
1031 2377 1257 2433 probabile
1274 2377 1597 2432 protulerimus.
1617 2401 1667 2407 —
