1920 3216
799 144 1079 184 ...39—

195 255 446 300 reductione
468 256 652 302 Vulcani
682 257 876 301 fabulam
897 256 1056 305 Bacchi
1085 257 1128 300 in
1160 259 1289 301 tauro
1318 256 1552 313 equitantis
1582 271 1679 299 con-

196 329 357 374 fudisse
386 335 522 388 patet,
552 332 669 389 quod
700 333 840 378 minus
870 332 1025 375 mirum
1055 332 1182 376 nobis
1211 331 1385 376 videtur
1403 330 1680 374 consideran-

194 405 312 449 tibus
346 408 573 459 vasculum-
603 408 649 451 in
686 407 854 452 fabrica
887 407 1090 462 ¹Cumana
1126 407 1316 454 effictum
1355 421 1464 450 esse.
1533 406 1679 451 Cumis

194 480 318 534 enim,
350 496 446 528 cum
477 482 633 527 Graeci
657 482 751 539 jam
781 481 954 526 saeculo
986 497 1025 528 a.
1056 482 1133 526 Ch.
1164 498 1205 526 n.
1236 482 1473 526 undecimo*
1491 481 1554 525 ibi
1581 496 1681 525 con-

194 556 385 617 diderint
404 558 627 611 coIoniam,
648 558 916 615 temporibus
938 558 1248 617 antiquissimis
1268 572 1471 601 vasorum
1492 557 1679 600 fabricas

192 630 379 686 viguisse
407 647 435 676 a
464 648 566 678 vero
596 648 680 678 non
712 633 932 678 abhorret.
992 633 1086 685 Qua
1116 637 1297 690 propter
1333 648 1418 677 non
1465 636 1532 675 est
1562 632 1677 688 quod

195 705 401 750 miremur
429 708 475 750 in
502 707 589 753 DI)
620 708 840 764 ingenium
869 708 1058 751 Atticum
1090 707 1341 755 desiderari.
1372 732 1430 738 -

306 782 439 827 Hisce
468 783 655 827 vasculis
684 783 830 839 nigras
849 783 1012 839 figuras
1044 782 1347 828 exhibentibus
1374 782 1679 839 adjungendae

192 859 294 899 sunt
329 861 510 913 paterae
548 857 659 902 duae
704 857 986 914 Vuhejanae,
1031 858 1176 901 rubris
1219 858 1370 914 figuris
1417 858 1545 913 rigidi
1589 858 1680 901 stili

193 935 373 975 ornatae
393 933 458 989 (Ι,
479 933 540 988 L)
571 948 682 990 quae
704 933 845 977 altera
864 933 1033 988 alteri¹)
1064 932 1307 977 simillimae
1338 936 1460 976 suntt
1490 936 1678 988 utraque

191 1006 362 1061 pictura
398 1022 475 1051 sex
512 1008 694 1065 praebet
733 1008 897 1063 figuras
910 1042 920 1061 ‚
962 1010 1093 1063 atque
1138 1007 1303 1064 pariter
1343 1022 1371 1051 a
1412 1008 1588 1052 sinistra
1631 1008 1677 1050 in

192 1081 390 1125 dextram
420 1088 593 1140 partem
623 1099 775 1140 agmen
811 1082 1066 1126 bacchicam
1104 1083 1318 1126 directum
1355 1088 1434 1128 est.
1495 1083 1677 1127 Vulcani

191 1157 358 1213 typus²)
403 1158 532 1215 plane
576 1159 690 1204 idem
731 1162 819 1204 est:
866 1157 1085 1202 Vulcanus
1129 1149 1337 1203 barbatus
1382 1162 1678 1215 tegumentum

193 1234 324 1288 capiti
354 1238 449 1278 arte
480 1234 723 1278 adhaerens
754 1234 878 1290 gerit,
911 1233 1164 1287 exomidem‚
1198 1248 1284 1290 quo
1305 1248 1464 1289 genere
1493 1234 1678 1277 vestium

193 1307 369 1362 opifices
408 1312 471 1353 uti
512 1310 731 1362 solebant,
773 1314 818 1354 et
855 1314 1087 1366 praeterea
1124 1311 1395 1366 chlamydem
1434 1311 1479 1353 in
1523 1309 1678 1353 dextro

194 1382 374 1427 humero
394 1384 530 1429 fibula
550 1400 800 1430 connexam.
861 1385 1059 1428 Bacchus
1078 1385 1290 1429 barbatus
1311 1385 1464 1428 vittam
1484 1385 1677 1429 crinibus

190 1458 404 1513 illigatam
442 1475 538 1503 cum
577 1461 707 1516 longo
740 1462 912 1504 chitone
950 1461 1110 1516 duplici
1147 1475 1302 1515 gerens
1339 1460 1525 1503 amicum
1562 1459 1677 1502 clau-

193 1532 409 1578 dicantem
449 1534 570 1579 ducit
596 1536 705 1594 χεῖρ’
736 1533 815 1581 ἐπὶ
853 1536 1018 1595 καρπῷ
1047 1540 1290 1580 retroverso
1321 1536 1478 1591 capite,
1523 1535 1593 1578 cui
1632 1535 1676 1577 in

190 1612 374 1664 utraque
403 1611 573 1665 pictura
604 1610 670 1667 (I,
696 1610 764 1664 K)
796 1612 911 1666 longi
940 1611 1126 1654 cincinni
1156 1611 1324 1663 desunt,
1356 1625 1464 1665 quos
1493 1611 1539 1653 in
1560 1611 1676 1653 vasis

192 1683 327 1740 nigris
357 1684 507 1741 figuris
539 1687 703 1729 ornatis
732 1685 981 1730 invenimus.
1043 1685 1282 1730 Discrimen
1308 1686 1422 1728 inter
1452 1686 1677 1742 utriusque

197 1759 342 1813 cylicis
372 1760 533 1814 figuras
563 1761 794 1815 primarias
823 1761 1053 1804 intercedit
1082 1761 1328 1804 minimum:
1359 1762 1404 1803 in
1423 1760 1450 1804 I
1480 1761 1677 1803 Bacchus

192 1837 336 1888 gestat
363 1833 516 1892 κέρας,
553 1835 771 1879 Vulcanus
809 1834 1009 1879 malleum
1043 1836 1223 1879 humero
1253 1835 1517 1891 impositum,
1558 1834 1603 1878 in
1628 1833 1677 1883 ,Κ

189 1908 388 1951 Bacchus
424 1917 628 1970 magnum
669 1910 907 1965 palmitem,
951 1911 1169 1954 Vulcanus
1198 1911 1345 1953 follem
1376 1914 1421 1952 et
1450 1924 1584 1964 parva
1613 1911 1676 1952 in·
1720 1961 1726 1966 ,

190 1987 434 2027 strumenta
470 1983 663 2037 fabrilia,
704 1998 815 2040 quae
856 1985 900 2027 in
932 1985 957 2030 I
989 1984 1171 2041 Satyrus
1209 1985 1476 2041 subsequens
1516 1988 1675 2039 portat.

189 2058 326 2101 Porro
356 2059 399 2101 in
430 2064 615 2114 utraque
646 2061 815 2115 pictura
856 2086 903 2091 —-
948 2075 1213 2116 quamquam
1241 2062 1287 2103 in
1328 2059 1434 2104 locis
1474 2059 1589 2103 inter
1630 2073 1676 2103 se

193 2147 278 2177 non
308 2133 668 2190 respondentibus
700 2159 753 2165 —
784 2135 999 2178 invenitur
1022 2134 1203 2193 Satyrus
1233 2134 1342 2179 duas
1364 2135 1494 2185 tibias
1525 2139 1676 2178 tenens

191 2213 236 2251 et
273 2209 456 2266 Satyrus
495 2213 709 2253 craterem
756 2210 934 2254 sinistro
975 2211 1154 2254 humero
1190 2211 1438 2265 impositum
1482 2215 1675 2266 portans.

190 2284 354 2336 Quarto
375 2285 533 2342 Satyro
554 2285 600 2327 in
619 2285 663 2329 K
693 2285 925 2341 respondet
954 2286 998 2328 in
1027 2285 1078 2331 I:
1108 2285 1281 2328 Baccha
1301 2285 1478 2333 crotalis
1501 2286 1668 2330 ludens.

285 2438 319 2478 1)
344 2436 460 2482 Quam
485 2437 534 2473 ob
560 2444 709 2473 causam
723 2437 804 2483 jam
834 2435 991 2472 Jahniu·
1017 2437 1176 2472 alteram
1204 2436 1315 2482 juxta
1341 2437 1498 2472 alteram
1529 2437 1670 2477 attulit,

188 2494 287 2529 Einl.
312 2494 336 2529 i,
360 2495 396 2530 d.
422 2495 583 2531 Vasenk.
608 2497 698 2530 nota
723 2495 803 2530 496.
828 2495 908 2529 sub.
934 2495 947 2529 l
972 2497 1010 2530 et
1033 2506 1081 2529 m.
1108 2515 1152 2520 -

282 2555 319 2595 2)
343 2552 388 2587 cf.
413 2553 625 2593 Bluemner,
651 2551 697 2587 de
714 2551 873 2587 Vulcani
897 2552 936 2587 in
952 2555 1071 2588 veter.
1096 2552 1233 2588 artium
1256 2565 1355 2588 mon.
1380 2552 1443 2597 fig.
1468 2565 1530 2598 pg.
1555 2555 1611 2589 24.
1630 2555 1674 2587 25

190 2611 324 2657 „cujus
348 2611 538 2655 (Vulcani)
566 2610 702 2655 gradus
726 2610 856 2645 labans
881 2611 992 2656 atque
1016 2610 1182 2647 incertus
1200 2637 1400 2647 ........
1435 2610 1625 2657 praeclare
1651 2622 1674 2646 a

188 2668 334 2717 pictore
358 2668 590 2715 significatus
615 2669 707 2705 est.“
732 2686 777 2694 -
