1920 3216
791 169 961 228 “5¹3ss
1024 193 1077 199 ,-

186 294 284 325 cum
312 281 466 337 jocosa
496 282 624 331 ratio,
655 296 768 337 quae
800 281 975 325 fabulae
995 282 1120 334 inest,
1151 282 1194 324 in
1225 281 1495 338 singulorum
1516 280 1686 325 Sileno-

187 371 284 398 rum
315 356 469 400 habitu
502 360 547 399 et
577 356 771 411 gestibus
803 360 845 399 et
874 357 919 398 in
950 356 1145 399 Vulcano
1186 356 1357 398 scurrili
1395 356 1521 398 modo
1563 356 1685 406 asino

191 431 413 489 equitante
460 435 807 487 recognoscatur.
885 431 1182 487 Conspicimus
1231 429 1449 474 Bacchum
1496 434 1541 473 et
1586 429 1687 473 Vul-

190 520 345 549 canum
380 520 477 549 cum
508 506 718 549 comitatu
749 506 842 549 sine
872 506 960 550 ullo
994 509 1206 562 apparatu
1238 504 1466 562 magnifico
1504 505 1686 594 simplici

193 581 322 624 modo
353 581 396 623 in
429 577 656 637 Olympum
686 581 995 637 ingredientes.
1024 608 1081 615 —

304 656 415 698 Fere
452 655 604 699 eadem
647 655 835 699 dicenda
870 660 973 699 sunt
1011 656 1065 699 de
1102 655 1574 700 vasculis-Florentino
1613 657 1684 712 (0)

196 737 241 774 et
270 731 597 786 Petropolitano
628 721 760 786 (D),¹)
792 745 904 786 quae
935 735 1082 774 tamen
1113 729 1180 785 -†-*
1201 732 1330 774 sicuti
1360 735 1511 775 cetera
1540 732 1685 774 omnia

191 806 326 861 nigris
357 806 508 861 figuris
541 809 699 848 ornata
731 829 782 836 —
816 805 1002 854 maxime
1034 805 1118 847 hac
1148 819 1194 847 re
1226 803 1435 848 differunt
1464 820 1491 847 a
1512 791 1685 860 pictura

189 881 405 936 Ergotimi
436 880 527 935 (B),
557 880 673 935 quod
704 880 749 922 in
779 880 833 923 iis
865 894 962 922 cum
995 878 1199 935 Olympus
1229 879 1349 923 nullo
1381 881 1510 924 modo
1542 881 1683 936 desig-

189 959 319 999 natus
353 959 431 1009 est,
462 959 553 998 tum
585 955 690 998 nulli
721 956 882 999 adsunt
901 955 960 998 dii
984 955 1167 1012 Olympii
1190 954 1427 999 Vulcanum
1456 956 1682 999 reductum

192 1031 470 1086 excipientes.
542 1030 737 1073 Pictores
775 1043 877 1072 vero
913 1030 956 1072 id
997 1030 1184 1073 maxime
1214 1020 1425 1085 egerunts
1456 1034 1506 1073 ut
1543 1033 1682 1073 totum

192 1120 348 1161 agmen
384 1094 580 1160 jocosum
621 1110 1020 1161 repraesentarent;
1067 1119 1207 1161 neque
1252 1106 1362 1149 enim
1403 1105 1684 1148 refutandum

189 1181 361 1224 videtur
405 1180 449 1222 in
495 1179 759 1223 carminibus
804 1180 935 1236 epicis
986 1179 1251 1236 descriptum
1303 1179 1440 1223 fuisse
1493 1180 1684 1223 versibus

188 1256 479 1306 uberioribus,
512 1255 729 1310 quomodo
762 1256 907 1311 Satyri
938 1260 983 1298 et
1014 1255 1210 1299 Bacchae
1247 1256 1409 1299 circum
1441 1255 1681 1299 Vulcanum

188 1331 289 1376 vino
328 1330 499 1381 ebrium
534 1329 752 1373 saliissent
791 1334 837 1373 et
878 1329 1004 1373 ludos
1050 1330 1272 1382 fecissent,
1321 1330 1483 1374 mulum
1525 1331 1684 1375 Bacchi

188 1407 479 1449 lacessissent.
539 1406 582 1450 I)
614 1411 704 1449 tres
735 1406 874 1449 solum
897 1406 1083 1460 praebet
1102 1406 1294 1461 Satyros,
1325 1406 1521 1448 Bacchas
1541 1406 1684 1448 nullas

190 1481 343 1537 quales
387 1482 431 1524 in
463 1480 497 1525 0
534 1480 829 1536 reperiuntur,
883 1480 956 1524 ubi
1006 1478 1178 1541 Satyris·
1222 1480 1444 1524 immixtae
1491 1480 1685 1536 gestibus

189 1557 366 1600 lascivis
388 1557 532 1612 pictae
551 1560 665 1600 suut.
717 1557 879 1600 Contra
899 1557 1021 1600 nulla
1041 1570 1090 1599 re
1121 1556 1205 1598 nisi
1232 1556 1473 1599 directione
1503 1557 1701 1611 agminis.

190 1632 411 1688 discrepat
456 1646 483 1674 a
524 1632 565 1678 B
612 1632 866 1689 compositio
892 1631 1150 1687 ¹figurarum
1186 1632 1502 1688 vprimariarum
1546 1632 1590 1674 in
1632 1631 1686 1676 G:

192 1708 390 1751 Bacchus
421 1709 657 1764 respiciens
688 1709 819 1764 longa
850 1712 970 1752 veste
1001 1708 1118 1763 picta
1147 1707 1338 1756 indutus,
1370 1708 1536 1750 mulum
1573 1709 1686 1765 ithy-

190 1783 426 1838 phallicum
458 1789 503 1826 et-
532 1783 773 1827 Vulcanum
806 1787 1054 1838 portantem
1086 1784 1179 1825 loro
1218 1782 1392 1825 ducens.
1453 1783 1503 1825 In
1538 1783 1571 1827 C
1602 1797 1686 1825 non

191 1858 307 1912 gerit
324 1857 544 1900 Vulcanus
568 1857 806 1915 malleum²)
829 1872 914 1914 quo
937 1857 1151 1901 attributo
1174 1857 1473 1912 pictoresfere
1495 1858 1683 1900 omnium

190 1946 394 1975 vasorum
424 1933 562 1988 nigris
592 1932 743 1987 figuris
776 1937 1028 1977 ornatorum
1061 1938 1111 1976 ut
1139 1933 1203 1975 ita
1224 1933 1363 1976 dicam
1388 1938 1688 1985 armaverunt3

190 2007 233 2049 in
263 2006 306 2051 Ι)
339 2010 483 2051 autem
517 2020 650 2050 cornu
683 2003 855 2066 (ῥυτόν)
887 2008 1021 2060 deest,
1055 2008 1172 2062 quod
1193 2008 1390 2051 Bacchus
1422 2009 1465 2051 in
1498 2008 1532 2053 0
1562 2010 1688 2052 laeva

190 2082 319 2125 manu
343 2081 704 2138 comprehensum
725 2083 901 2126 attollit.
952 2083 1002 2125 In
1024 2082 1058 2127 0
1082 2083 1262 2126 Vulcani
1286 2084 1455 2126 asinum
1477 2084 1686 2139 sequitur,

188 2158 439 2203 intermisso
471 2157 629 2214 Satyro
661 2161 804 2201 utrem
837 2149 1051 2202 vinarium
1081 2161 1302 2214 portante,
1334 2158 1510 2203 Baccha
1540 2163 1687 2215 gestus

285 2295 319 2338 1)
345 2292 625 2339 Stephanius
651 2305 718 2328 cur
741 2293 780 2328 in
806 2292 921 2329 dubio
946 2291 1006 2337 sit,
1031 2294 1157 2341 utrum
1182 2293 1240 2328 vir
1253 2292 1357 2340 asino
1384 2293 1557 2338 equitans
1583 2293 1690 2336 (dicit

189 2351 289 2386 enim
313 2351 353 2385 in
379 2350 497 2385 Catal.
523 2350 559 2385 d.
585 2350 919 2397 Vasensammlung
944 2350 979 2385 d.
1005 2349 1277 2394 Petersburger
1298 2349 1517 2395 Eremitage
1542 2350 1612 2385 No.
1633 2352 1687 2385 55.

189 2408 283 2455 „auf
304 2409 428 2444 einem
452 2408 764 2453 ithyphallisehen
783 2408 987 2444 Maulthiei
1011 2405 1207 2443 oderEsel
1232 2410 1389 2453 sprengt
1413 2408 1472 2443 ein
1498 2408 1691 2455 baertiger

187 2468 303 2502 Mann
329 2466 571 2512 [Hephaistos
589 2467 682 2502 oder
698 2467 729 2502 Ι
717 2478 847 2512 ycurg
852 2465 934 2538 us]“
959 2466 1008 2500 sit
1023 2465 1210 2500 Vulcanus
1227 2477 1275 2500 an
1292 2466 1323 2497 I
1313 2477 1497 2527 your-gns,
1515 2467 1687 2512 equidem

187 2524 292 2560 nullo
318 2524 432 2560 modo
457 2525 656 2571 perspicio
684 2545 729 2550 -—

281 2585 317 2624 2)
343 2583 492 2629 Mallei,
522 2595 633 2629 quem
664 2583 854 2619 Vulcanus
883 2582 1001 2629 gerit,
1033 2581 1155 2617 forma
1183 2581 1222 2616 in
1255 2580 1302 2623 D,
1328 2580 1374 2627 K,
1398 2581 1467 2628 00,
1492 2583 1573 2624 DD,
1600 2584 1630 2624 1,
1655 2582 1689 2620 K

188 2641 267 2676 fere
293 2641 426 2676 eadem
451 2645 524 2677 est:
552 2653 621 2687 per
653 2646 767 2686 caput
792 2641 956 2686 amplum
981 2640 1187 2676 immissum
1213 2643 1272 2675 est
1295 2641 1452 2687 longum
1484 2642 1551 2676 sed
1576 2644 1688 2678 tenue

189 2699 438 2747 manubrium,
489 2698 532 2733 In
558 2699 588 2733 B
614 2698 802 2734 Vulcanus
824 2698 927 2743 gerit
950 2697 1154 2743 flagellum.
1177 2718 1225 2723 —
