1920 3216
848 132 1104 170 -5-

372 236 398 300 ἦ
422 237 474 286 οὗ
494 241 639 301 μέμνῃ
662 239 736 286 ὅτε
756 237 799 285 τ’
822 241 995 302 ἐκρέμω
1018 238 1212 300 ὑψόθεν,
1243 242 1291 288 ἐκ
1314 240 1363 285 δὲ
1385 242 1566 286 ποδοῖιν

372 311 572 372 ἄκμονας
603 308 689 375 ἧκα
721 315 827 371 otim,
860 316 966 376 περὶ,
992 316 1117 376 χερσὶ
1148 316 1198 361 δὲ
1229 317 1395 374 δεσμὸν
1424 314 1530 375 ἴηλα

367 390 557 450 χρύσεον
588 392 829 451 ἄρρηκτον,·
862 390 916 437 σύ
948 387 993 436 δ’
1025 391 1071 436 ἐν
1101 389 1258 451 αἰθέρι
1288 391 1361 436 καὶ
1393 391 1626 452 νεφέλῃσιν

371 464 563 525 ἐκρέμω·
596 461 814 524 ἠλάστεον
835 467 885 511 δὲ
905 465 1012 510 θεοὶ
1032 466 1146 512 κατὰ
1166 461 1601 526 μακρόν”ολυμπον,

371 542 503 584 λῦσαι
525 535 570 583 δ’
594 535 675 584 οὔκ
695 539 905 585 ἐδύναντο
929 540 1243 600 παρασταδόν·
1277 535 1329 584 ὃν
1349 540 1400 584 δὲ
1422 541 1623 596 λάβοιμι,

370 613 620 675 ῥίπτασκον
647 614 842 672 τεταγὼν
872 611 967 660 ἀπὸ
998 616 1153 674 βηλοῦ,
1188 611 1297 675 ὄφρ’
1331 612 1387 661 ἂν
1413 615 1565 675 ἵκηται

370 692 452 747 γῆν
482 685 803 748 ὀλιγηπελέων·

348 784 467 827 Haec
496 782 673 826 fabulae
704 784 818 826 ratio
850 784 954 826 mihi
985 784 1161 839 quidem
1184 799 1277 828 esse
1297 785 1469 828 videtur
1489 785 1716 828 vetustior.

233 857 557 904 Posterioribus
603 857 775 901 demum
812 859 1103 916 temporibus,
1152 874 1245 903 cum
1285 858 1435 904 fabula
1469 858 1651 903 Junonis
1693 873 1720 902 a

235 936 429 979 Vulcano
461 934 669 988 religatae
699 934 753 977 ad
785 934 978 978 fabulam
1009 935 1192 978 Vulcani
1223 939 1547 987 annecteretur‚
1590 949 1717 990 argu-

232 1015 424 1055 mentum
463 1008 657 1064 paullum
699 1010 1062 1054 commutabatur:
1105 1015 1155 1053 ut
1190 1010 1302 1054 enim
1333 1009 1508 1052 ultionis
1541 1023 1718 1053 causam

238 1085 455 1132 afferrent,
486 1088 665 1139 propter
687 1098 815 1139 quam
838 1083 1058 1128 Vulcanus
1080 1089 1262 1127 matrem
1284 1084 1327 1126 in
1350 1076 1463 1126 solio¹
1479 1083 1718 1138 religasset,

230 1164 387 1216 poetae
424 1157 647 1213 fingebant
674 1157 888 1202 «Iunonem
928 1158 1064 1202 filium
1095 1174 1220 1202 suum
1252 1159 1297 1201 in
1327 1158 1499 1201 Naxum
1530 1157 1718 1204 insulam

231 1234 467 1279 detrusisse
500 1236 544 1276 et
576 1246 672 1277 eam
704 1233 879 1290 quidem
899 1234 954 1279 ob
977 1248 1151 1279 causam
1174 1234 1289 1292 quod
1311 1233 1492 1277 claudus
1513 1231 1717 1288 fuisset¹).

232 1311 352 1363 Quae
390 1308 567 1352 fabulae
607 1310 829 1353 conversio
868 1312 935 1352 est
972 1311 1208 1365 posterior:
1256 1309 1429 1353 Thetidi
1470 1309 1582 1351 enim
1614 1308 1720 1351 dicit

232 1382 498 1442 περικλυτὸς
528 1378 819 1443 ἀμφιγυήεις·

346 1457 392 1502 ll.
424 1457 582 1510 XVIII,
615 1462 856 1502 394—399.

358 1533 426 1580 “H
452 1538 510 1597 ῥά
541 1537 590 1580 νύ
620 1553 701 1591 μοι
733 1540 853 1596 δεινή
885 1555 932 1581 τε
962 1539 1039 1583 καὶ
1069 1537 1220 1597 αἰδοίη
1252 1538 1363 1589 θεὸς
1393 1537 1520 1582 ἔνδον

370 1610 396 1670 ἥ
426 1607 478 1663 μ’
501 1606 682 1663 ἐσάωσ’,
706 1609 779 1655 ὅτε
796 1608 849 1667 μ’
871 1613 1008 1669 ἄλγος
1028 1608 1218 1672 ἄφίκετο
1240 1612 1345 1670 τῆλε
1368 1610 1564 1657 πεσόντα

366 1687 536 1745 μητρὸς
566 1683 676 1742 ἐμῆς
706 1683 851 1744 ἰότητι
880 1688 1145 1739 κυνώπιδος,
1179 1685 1206 1746 ἥ
1235 1683 1287 1742 μ’
1321 1686 1539 1746 ἐθέλησεν

369 1761 544 1821 κρύψαι
562 1759 709 1816 χωλὸν
729 1760 877 1806 ἐόντα·
909 1758 1003 1805 τότ’
1027 1758 1082 1805 ὃν
1103 1760 1262 1806 πάθον
1281 1761 1419 1819 ἄλγεα
1441 1764 1588 1819 θυμῷ,

351 1839 410 1880 ἐἰ
427 1836 489 1893 μή
512 1830 563 1889 μ’
586 1827 823 1895 Εῧρυνόμη
848 1853 896 1880 τε
923 1837 1056 1888 Θέτις
1076 1833 1130 1879 θ’
1154 1834 1403 1888 ὑπεδέξατο
1425 1836 1582 1894 κόλπῳ

369 1907 618 1971 Εὐρυνόμη.
651 1910 854 1970 θυγάτηρ
886 1905 1129 1970 ἀψορρόου
1156 1907 1409 1955 Ὠκεανοῖο.

348 1993 541 2036 Alteram
564 1997 707 2035 autem
733 1992 909 2035 Homeri
930 1991 1105 2035 fabulae
1126 1993 1449 2049 conceptionem
1466 2007 1561 2035 cum
1578 1998 1719 2036 altera

232 2070 388 2112 mirum
421 2072 632 2124 quantum
664 2067 791 2111 Plato
823 2067 1069 2112 confudisse
1102 2067 1281 2118 videtur,
1315 2081 1412 2110 cum
1443 2068 1497 2111 de
1531 2067 1717 2112 Homero

229 2146 272 2187 in
313 2156 545 2200 puerorum
584 2142 825 2185 eruditione
863 2141 1107 2185 adhibendo
1144 2143 1277 2185 verba
1315 2141 1481 2184 faciens
1523 2147 1717 2185 nostram

230 2219 420 2262 fabulam
451 2217 537 2259 illis
571 2220 847 2268 annumerat,
890 2232 996 2272 quas
1027 2218 1174 2273 pueris
1213 2217 1449 2260 narrandas
1495 2231 1590 2259 esse
1628 2231 1713 2259 non

233 2295 392 2335 censet.
470 2289 647 2347 Affert²)
699 2290 810 2333 enim
861 2290 1044 2334 Junonis
1094 2291 1393 2347 religationem
1445 2306 1472 2335 a
1523 2291 1717 2334 Vulcano

324 2423 357 2464 1)
384 2420 523 2466 Quibus
547 2418 595 2454 de
618 2419 739 2454 causis
763 2418 937 2454 assentiri
961 2430 1038 2454 non
1062 2430 1213 2465 possum
1238 2419 1434 2455 Welckero
1459 2419 1717 2464 (Gotterlehre

230 2478 258 2523 I,
283 2480 367 2523 659)
392 2479 455 2526 qui
480 2477 573 2515 dicit
596 2478 841 2514 vetustiorem
872 2477 1037 2515 fabulam
1063 2490 1142 2514 esse
1168 2490 1262 2519 eam,
1290 2490 1336 2514 ex
1361 2489 1434 2524 qua
1458 2477 1645 2514 Vulcanus
1670 2489 1718 2514 ex

230 2537 380 2573 Junone
404 2538 483 2573 sola
506 2540 725 2582 procreatus
750 2537 808 2572 sit.
835 2556 878 2561 -—

322 2592 358 2640 2)
383 2594 490 2630 Plato
515 2594 589 2630 Res
613 2594 714 2639 publ.
739 2594 784 2630 IL
808 2606 871 2642 pg.
898 2596 976 2630 378.
1000 2595 1045 2631 D.
1069 2593 1181 2641 “Heus
1205 2594 1244 2629 δὲ
1268 2594 1416 2638 δεσμοὺς
1441 2591 1509 2628 ὑπὸ
1536 2595 1627 2633 υἱέος
1659 2596 1716 2627 καὶ

222 2655 410 2698 Ηφαίστου
435 2654 551 2700 ῥίψεις
575 2650 642 2687 ὑπὸ
666 2653 800 2699 πατρὸς
825 2668 855 2689 κ.
881 2666 914 2687 τ.
939 2653 970 2687 λ.
999 2674 1044 2678 -
