1920 3216
767 152 1047 194 —37—

166 265 281 310 tales
310 264 511 309 manibus
542 278 690 320 agens,
722 269 770 308 ut
798 264 1014 321 conjicere
1039 265 1168 309 liceat
1196 279 1293 309 eam
1325 265 1652 309 verberaturam

169 354 264 383 esse
294 339 483 390 asinum,
515 344 565 380 ut
593 338 778 383 celerius
809 339 1135 395 progrediatur3
1173 339 1217 382 id
1249 339 1365 394 quod
1396 339 1532 382 multo
1570 340 1652 382 evi-

165 413 339 457 dentius
363 425 615 469 expressum
643 416 711 455 est
731 413 775 455 in
790 411 891 467 ΒΒ,
907 411 981 455 ubi
996 412 1177 469 Satyrus
1197 417 1242 456 et
1255 412 1429 456 Baccha
1448 427 1653 468 magnum

165 487 420 544 impendunt
447 486 639 535 laborem
662 487 782 533 asino
809 486 1027 530 obstinato
1049 488 1299 532 verberibus
1320 488 1612 544 promovendo
1622 487 1653 543 ¹)

166 587 217 596 -—
251 576 380 619 quem
419 560 617 605 Bacchus
652 561 747 605 loro
786 577 872 606 non
909 562 1046 613 ducit,
1097 577 1194 605 cum
1234 562 1280 605 in
1322 576 1474 606 averso
1513 563 1653 606 latere

163 640 518 693 repraesentatus
549 637 606 679 sit
634 662 692 668 —
723 641 767 681 et
795 638 969 682 Baccha
987 653 1274 694 praecurrens
1301 638 1456 682 baculo
1480 637 1653 681 sublato

162 712 387 773 stimulare
417 715 463 755 et
492 725 598 755 voce
617 711 851 764 inclamare
872 703 1054 759 videtur.
1114 713 1210 765 Qua
1239 713 1285 757 in
1313 727 1361 756 re
1385 726 1653 768 quamquam

166 786 426 837 secundaria
444 791 591 842 tamen
610 791 838 842 poetarum
860 788 1079 843 epicorum
1099 801 1264 831 morem
1278 792 1410 842 atque
1433 786 1647 830 rationem

162 874 473 917 recognoscere
514 875 766 918 possumus:
818 865 914 905 tota
953 862 1114 907 Bacchi
1157 863 1311 906 cohors
1358 861 1477 905 nullo
1520 861 1651 904 modo

100 989 104 991 -
161 937 336 991 ignorat
376 950 506 992 quam
547 936 721 992 egregie
757 936 921 981 factum
961 942 1005 980 et
1043 937 1127 999 diis
1168 936 1241 980 diu
1271 939 1541 992 ¹exoptatum
1578 936 1651 985 sit,

163 1011 278 1065 quod
316 1011 505 1066 suscepit
540 1015 686 1065 atque.
707 1011 877 1067 perficit
915 1012 1221 1056 thiasotarum'
1241 1013 1464 1067 princeps3
1502 1025 1652 1066 quam-

165 1084 316 1141 obrem
367 1099 508 1140 neque
557 1084 779 1129 hilaritate
832 1099 971 1141 neque
1018 1086 1130 1142 jocis
1179 1085 1404 1129 obscoenis
1460 1100 1653 1141 unquam

171 1159 343 1203 omissis
373 1160 591 1208 Bacchum
621 1160 828 1215 adjuvare
858 1161 1036 1205 student
1062 1162 1109 1205 in
1139 1160 1386 1205 reducendo
1414 1161 1566 1203 amico.
1599 1185 1646 1190 —-

170 1235 352 1279 Praeter
380 1235 585 1291 picturas,
617 1249 725 1291 quas
756 1236 886 1281 attuli
918 1236 977 1293 (B
997 1235 1032 1281 G
1051 1235 1126 1293 D),
1156 1235 1255 1293 FF,
1288 1233 1329 1280 G
1359 1235 1578 1278 Bacchum
1608 1240 1654 1278 et

169 1309 410 1352 Vulcanum
439 1311 484 1353 in
507 1324 593 1353 uno
612 1311 853 1366 eodemque
875 1311 1040 1354 vasculi
1060 1311 1199 1354 latere
1219 1310 1481 1366 praebent²)‚
1514 1310 1654 1365 major

166 1389 313 1428 autem
335 1392 404 1429 est
423 1376 629 1430 numerus
650 1400 814 1439 eorum,
843 1385 920 1430 ubi
939 1386 1236 1430 reductionem
1259 1385 1442 1429 Vulcani
1469 1385 1652 1429 adverso

165 1466 209 1503 ct
238 1475 391 1504 averso
432 1461 546 1504 vasis
577 1460 786 1505 lateribus
826 1461 1102 1517 distributam
1134 1462 1370 1517 reperimus
1409 1460 1528 1516 (RB,
1561 1460 1651 1516 GC,

163 1535 263 1592 EE,
283 1535 384 1592 FF,
407 1535 509 1592 GG,
531 1535 638 1592 1111,
659 1536 738 1591 ΙΙ,
764 1535 871 1593 ΚΚ,
893 1535 997 1591 LL,
1018 1535 1142 1590 ml).
1203 1535 1321 1587 Quas
1352 1540 1652 1591 repraesenta—

164 1611 307 1654 tiones
353 1610 585 1666 bipartitas
633 1636 683 1642 —
731 1611 802 1654 hic
844 1610 1016 1654 Baccho
1058 1610 1149 1654 illic
1188 1610 1382 1654 Vulcano
1423 1610 1469 1653 in
1509 1610 1652 1654 medio

170 1687 311 1742 posito
337 1712 386 1718 -
411 1691 530 1730 certo
551 1686 740 1743 quodam
762 1701 890 1731 sensu
910 1686 1030 1731 ducti
1049 1701 1128 1743 pro
1158 1686 1471 1733 imitationibus
1492 1685 1653 1730 habere

160 1776 417 1818 possumus.
467 1762 662 1805 Pictores
691 1763 804 1806 enim
825 1763 1016 1807 vasarios
1037 1762 1080 1805 in
1101 1761 1275 1806 fabricis
1295 1762 1455 1805 multas
1480 1761 1655 1805 fabulae

171 1838 595 1897 repraesentationes
616 1838 775 1881 vidisse
788 1843 921 1893 atque
938 1838 1046 1880 haec
1062 1838 1330 1892 exemplaria
1345 1838 1654 1891 compositione

170 1911 267 1967 plus
297 1911 492 1955 minusve
523 1916 691 1955 mutata
720 1912 988 1968 singulorum
1017 1927 1219 1956 vasorum
1241 1911 1482 1967 superficiei
1502 1911 1653 1967 figuris

165 1986 388 2029 ornandae
441 1987 745 2029 accomodasse
795 1991 925 2042 atque
971 1987 1200 2030 nonnullas
1243 2001 1313 2028 res
1362 1986 1419 2028 ad
1461 1987 1653 2041 ipsorum

169 2062 396 2105 arbitrium
429 2061 545 2105 haud
576 2076 678 2105 raro
708 2062 959 2117 adjunxisse
980 2061 1084 2105 mihi
1105 2061 1280 2117 quidem
1300 2064 1558 2117 persuasum
1579 2065 1649 2103 est

168 2164 224 2169 —
255 2136 442 2181 Vasculo
474 2136 710 2193 Vulcejano
749 2137 866 2193 quod
903 2136 1076 2180 laudavi
1107 2136 1223 2193 (RB)
1262 2136 1448 2180 alterum
1478 2136 1655 2192 pariter,

167 2217 215 2256 ut
251 2213 422 2267 opinor,
472 2212 644 2255 Vulceis
688 2216 905 2268 repertum
951 2212 1123 2258 videtur
1163 2211 1445 2263 simillimum,
1489 2212 1527 2254 si
1568 2226 1656 2266 qua

166 2287 485 2343 descriptioni³)
533 2287 736 2331 habenda
781 2292 849 2331 est
894 2286 1016 2331 fides.
1098 2287 1269 2332 Paucae
1310 2290 1456 2331 autem
1500 2286 1655 2332 harum

259 2446 295 2488 1)
324 2444 427 2480 Idem
446 2444 659 2491 significare
678 2444 827 2479 videtur
845 2446 972 2489 gestus
985 2442 1109 2489 Satyri
1132 2442 1196 2488 qui
1218 2442 1257 2477 in
1269 2441 1302 2477 D
1322 2442 1465 2478 asinum
1484 2441 1652 2487 sequitur

257 2505 294 2544 2)
311 2502 371 2538 Ex
389 2502 524 2547 quibus
541 2502 573 2537 E
591 2502 747 2547 dignum
762 2501 922 2545 videtur,
947 2500 1047 2545 quod
1071 2499 1312 2544 archaeologi
1336 2500 1546 2534 accuratius
1572 2511 1655 2544 per-

166 2562 395 2605 scrutentur,
426 2559 648 2606 praesertim
672 2570 757 2594 cum
787 2560 1046 2605 catalogorum
1075 2559 1250 2593 auctores
1279 2557 1407 2600 dicant
1451 2558 1488 2592 in
1524 2568 1654 2592 aversa

166 2621 274 2665 parte
298 2620 602 2664 repraesentatos
627 2628 708 2654 csse
731 2616 919 2655 Bacchum
942 2621 981 2654 et
1004 2616 1205 2655 Ariadnen.
1229 2634 1276 2642 -—

257 2676 294 2721 3)
319 2675 433 2711 Catal.
475 2676 564 2711 Mus.
602 2675 812 2721 Campanae
845 2674 906 2709 IV.
945 2676 1046 2709 1111.
1096 2674 1130 2719 a)
1167 2674 1340 2710 Vulcano.
1371 2684 1443 2709 con
1479 2673 1653 2709 martello
