1920 3216
795 170 1076 210 —51-

193 284 259 324 est
287 280 417 338 hujus
447 281 643 338 picturae
673 281 858 335 unicum,
890 280 1008 340 quod
1039 280 1096 325 ad
1118 293 1317 324 scaenam
1339 277 1495 323 referri
1517 279 1681 335 possit3

192 358 433 411 praeterea·
454 356 560 398 nihil
593 360 658 398 est
690 371 743 399 ex
773 370 860 412 quo
891 361 1102 412 appareat
1132 356 1345 411 pictorem
1378 356 1493 409 vasis
1513 354 1558 399 R
1587 356 1682 398 imi—

196 432 335 474 tatum
359 443 455 475 esse
475 444 545 482 res
567 430 798 485 scaenicas,
828 431 912 475 nisi
941 430 1074 474 vestis
1105 429 1225 487 picta
1245 428 1431 474 Vulcani
1450 429 1682 474 admodum

191 497 498 551 adulescentia
557 506 783 550 Simillima
815 511 885 551 est
914 510 1058 550 autem
1090 506 1222 549 vestis
1253 504 1433 549 Vulcani
1471 520 1599 561 quam
1637 506 1683 548 in

191 579 232 625 P
265 580 572 636 conspicimus3
603 581 772 625 accedit
801 581 916 638 quod
946 585 1074 638 typus
1105 581 1175 625 dei
1193 580 1239 624 in
1259 579 1304 625 R
1323 580 1437 624 idem
1465 585 1531 625 est
1550 584 1683 637 atque

192 655 235 697 in
280 654 462 710 picturis
487 656 694 698 -vasariis
744 656 1064 712 antiquioribus
1113 655 1379 710 temporibus
1424 655 1681 699 tribuendis,

192 727 355 792 Eadem
397 729 580 773 dicenda
618 734 718 774 sunt
758 730 812 774 de
849 744 951 773 vase
989 729 1038 787 S,
1072 729 1119 773 in
1155 743 1242 785 quo
1282 729 1501 781 Bacchus,
1540 730 1578 772 si
1614 743 1681 772 re-

194 802 398 858 spicimus
428 805 628 848 vestitum
663 830 711 836 —-
743 805 874 860 longa
910 808 979 847 est
1013 804 1145 847 vestis
1181 804 1383 858 interior,
1427 804 1497 847 cui
1535 805 1683 847 tunica

191 878 368 923 brevior
395 880 684 937 superinjecta
716 884 783 924 est
813 884 946 937 atque
976 880 1152 935 insuper
1181 878 1331 938 νέβρις
1359 906 1417 912 -
1447 879 1681 935 persimilis

192 957 258 996 est
286 953 459 999 Baccho
489 956 534 998 in
572 955 664 1016 qq.
726 955 897 999 Pariter
938 959 1072 1012 atque
1111 955 1156 997 in
1195 954 1258 1010 M,
1300 954 1364 1007 N,
1403 953 1460 1011 0,
1502 949 1562 1009 Ρ,’
1606 954 1682 1015 Q

192 1029 407 1086 reperitur
437 1030 483 1074 in
513 1028 544 1075 S
575 1029 751 1074 schema
771 1030 930 1074 Bacchi
958 1029 1084 1073 laeva
1113 1043 1244 1073 manu
1270 1028 1467 1085 thyrsum
1497 1029 1680 1073 dextera

192 1105 445 1147 cantharum
492 1106 693 1149 tenentis.
770 1106 950 1162 Satyrus
989 1113 1033 1149 et
1075 1102 1290 1161 Baccha¹)
1336 1103 1517 1159 pulchra
1561 1109 1679 1148 veste

189 1178 343 1222 induta
392 1183 437 1223 et
486 1183 734 1237 tympanum
786 1194 917 1225 manu
964 1179 1143 1237 pulsans
1190 1192 1338 1222 veram
1356 1207 1367 1219 .
1388 1177 1678 1222 thiasotarum

191 1254 376 1309 speciem
407 1255 621 1309 praebent
652 1258 831 1298 venuste
862 1254 1200 1310 repraesentatis
1232 1268 1464 1308 corporum
1490 1254 1679 1297 motibus

190 1328 422 1383 alacribus,
456 1342 553 1372 cum
575 1329 787 1372 barbatus
807 1329 1028 1389 Vulcanus
1049 1343 1076 1371 a
1097 1328 1251 1385 Satyro
1272 1332 1494 1372 sustentus
1513 1328 1679 1384 figurae

190 1404 413 1447 scaenicae
444 1404 631 1459 speciem
663 1404 882 1459 praebeat,
914 1403 1108 1459 quamvis
1138 1402 1342 1456 exomis²)
1372 1402 1465 1458 ejus
1495 1417 1544 1447 re
1574 1418 1680 1448 vera

188 1493 274 1521 non
305 1478 363 1521 sit
404 1478 535 1521 vestis
574 1478 784 1523 scaenica.
855 1479 1021 1537 Typum
1060 1493 1164 1534 ergo
1199 1478 1245 1521 in
1286 1477 1456 1521 duabus
1496 1478 1677 1534 picturis

189 1554 335 1597 rubris
365 1553 519 1609 figuris
547 1554 776 1598 severioris
806 1555 895 1598 stili
926 1558 1047 1598 certo
1085 1554 1274 1610 quodam
1315 1554 1443 1597 modo
1483 1553 1674 1598 effictum

155 1646 159 1649 ·
189 1628 246 1672 ab
281 1628 523 1672 artificibus
564 1629 736 1685 pulchri
771 1629 862 1673 stili
898 1628 1119 1673 excultum
1156 1629 1366 1673 videmus:
1405 1628 1527 1672 deest
1565 1629 1677 1671 enim

187 1705 232 1748 in
263 1703 294 1749 S
326 1703 432 1747 nihil
461 1705 544 1748 nisi
576 1704 777 1760 opificum
813 1705 951 1762 pileus
990 1703 1051 1761 (Ι,
1081 1705 1156 1761 K).
1218 1705 1344 1758 Quod
1383 1708 1531 1748 autem
1568 1702 1677 1748 deus

186 1780 314 1822 nudis
346 1779 528 1834 pedibus
559 1780 806 1835 ingrediens
832 1794 865 1823 va
896 1780 1051 1836 Satyro
1083 1784 1372 1831 sustentatur,
1416 1779 1473 1823 ad
1512 1779 1676 1823 claudi-

186 1854 402 1898 cationem
431 1854 604 1909 quidem
636 1854 729 1911 ejus
759 1855 911 1900 referri
942 1859 1102 1911 potest,
1140 1855 1276 1900 multo
1311 1859 1458 1899 autem
1497 1854 1675 1911 propius

184 1929 310 1971 abest
339 1943 367 1971 a
397 1942 499 1971 vero
531 1929 770 1972 Vulcanum
801 1930 968 1973 ebrium
999 1930 1288 1985 significatum
1319 1945 1436 1982 esse,
1468 1931 1675 1985 quoniam

185 2009 316 2060 caput
345 1994 473 2061 quasi
504 2006 602 2049 vino
624 2009 849 2049 oneratum
872 2006 1056 2051 demisit.
1115 2005 1272 2050 Mirum
1293 2020 1393 2049 vero
1423 2005 1468 2049 iu
1498 2004 1675 2049 modum

186 2079 363 2123 schema
384 2079 547 2123 Bacchi
568 2080 679 2123 ebrii
709 2084 754 2123 et
778 2095 805 2122 a
828 2080 987 2137 Satyro
1018 2082 1205 2124 sustenti
1235 2080 1303 2138 (S,
1334 2080 1398 2137 R)
1429 2081 1474 2123 in
1496 2080 1676 2123 Vulcani

183 2154 369 2210 figuram
389 2154 452 2213 (I,
476 2155 538 2213 K)
560 2156 820 2201 translatum
842 2159 921 2199 est.
945 2182 999 2188 —-
1022 2155 1067 2200 Si
1088 2156 1245 2201 deinde
1267 2156 1450 2201 eandem
1471 2170 1674 2201 scaenam

277 2345 311 2391 1)
338 2345 378 2380 Ο.
394 2345 552 2381 Jahnius
569 2347 661 2382 dicit
685 2346 954 2388 (Muencheuer
970 2347 1306 2392 Vasensammlung
1322 2359 1358 2382 n.
1378 2347 1460 2391 776)
1486 2347 1674 2392 respicere

184 2415 267 2438 eam
291 2404 345 2446 ud*
364 2403 536 2450 Satyrum
563 2404 657 2450 „mit
682 2407 847 2440 ernstem
870 2403 1043 2449 Blicke“;
1067 2403 1200 2450 quibus
1216 2404 1341 2441 verbis
1359 2404 1533 2451 equidem
1548 2415 1673 2440 assen-

169 2461 257 2503 ,tior
280 2461 462 2506 siquidem
483 2462 651 2498 indicare
675 2463 757 2498 vult
779 2462 937 2498 ‚Iahnius
954 2462 1121 2497 furorem
1137 2462 1356 2498 bacchicam
1374 2475 1397 2498 a
1412 2463 1584 2499 Bacchae
1606 2474 1673 2498 ore

183 2517 334 2561 abesse,
366 2531 474 2565 quam
498 2519 537 2556 in
563 2519 594 2556 T
619 2519 865 2567 conspicimus
886 2520 934 2556 'in
964 2519 1030 2555 illa
1054 2519 1187 2567 figura,
1218 2521 1279 2557 cui
1302 2520 1484 2567 Κυμῳδία
1507 2520 1671 2567 adscrip—

182 2582 261 2612 tum
286 2582 351 2614 est.
374 2599 422 2604 —

151 2670 154 2673 Α
257 2634 264 2668 J
274 2637 310 2681 2)
335 2636 377 2673 Ο.
402 2635 557 2673 Jahnius
581 2636 845 2679 (Vasenbilder
867 2648 931 2684 pg.
959 2635 1015 2683 19)
1045 2636 1142 2674 hanc
1166 2639 1310 2674 vestem
1332 2637 1465 2673 mimus
1495 2639 1671 2674 accurate

182 2694 350 2741 appellat
375 2695 533 2740 „kurzer
557 2695 874 2732 Aermelchitonf‘
899 2716 944 2721 —

1424 2755 1478 2791 4*
