1920 3216
816 152 1100 191 -40-

208 290 264 297 —
294 264 506 322 Olympus·
543 258 663 310 nulla
697 256 745 310 re
783 264 1000 309 indicatus
1039 269 1129 309 est:
1178 276 1335 320 agmen
1373 262 1624 310 bacchicum
1660 251 1707 309 in

204 340 441 396 ‘Olympum
488 340 768 398 proficiscens
813 343 1192 396 repraesentatum
1236 342 1304 381 est
1343 337 1530 398 simplici
1576 339 1707 383 modo

207 415 328 458 nulla
357 429 518 471 pompa
545 416 746 460 scaenica
776 413 1025 471 assumpta,
1064 419 1114 458 ut
1153 415 1197 458 in
1240 415 1355 459 vasis
1377 413 1518 473 'nigris
1556 415 1707 472 figuris

189 490 396 541 'ornatis;
428 504 570 545 neque
594 490 698 546 joca
727 490 899 532 desunt.
968 484 1052 531 Sic·
1080 502 1176 531 cum
1215 493 1442 545 poetarum
1470 490 1702 547 epicorum

205 564 395 607 ratione·
419 565 592 608 omnino
639 564 863 620 congr-uit,
909 563 1108 607 Bacchus
1154 563 1268 607 enim
1310 578 1391 608 sua
1432 566 1528 622 ipse
1572 574 1702 616 manu

205 637 404 693 opificem
449 638 570 681 illum
611 638 822 681 incultum
876 661 923 668 -—
972 623 1118 692 qualis¹
1159 637 1204 679 in
1244 638 1384 681 Iliade
1425 644 1470 682 ct
1505 638 1712 696 Odyssea.

204 704 412 757 laudatur
444 738 493 745 -
527 712 660 757 ducit.
720 713 772 757 In
801 715 987 768 utraque
1008 699 1361 767 paterahabitus
1383 712 1564 758 Vulcani
1584 712 1702 758 idem

205 784 295 831 est:
328 782 514 844 pedibus
534 786 858 830 omninonudis
877 785 1137 841 ingreditur,
1169 801 1354 842 quorum
1377 788 1557 832 sinister
1576 792 1704 830 caute

205 860 404 920 prolatus
448 867 533 915 est3
573 875 660 918 quo
700 861 839 917 gradu
877 861 1046 905 labanti
1084 861 1366 906 clauditatem
1405 863 1482 907 dei,
1517 862 1705 909 voluisse

206 939 393 993 pictores
424 940 761 993 repraesentare
792 936 896 995 mihi
925 949 1183 991 persuasum
1216 941 1301 989 est,
1340 951 1442 981 cum
1481 927 1623 993 neque
1660 938 1704 980 in

204 1012 230 1057 Ι
262 1026 401 1068 neque
437 1012 481 1054 in
512 1010 556 1055 K
595 1011 824 1055 ebrietatis
869 1010 1077 1053 indicium
1113 1010 1158 1053 in
1203 1010 1396 1055 Vulcano
1441 1012 1698 1069 reperiatur.

206 1087 449 1131 Discrimen
480 1089 628 1129 autem
659 1086 778 1142 quod
808 1085 1052 1128 intercedat
1080 1085 1197 1128 inter
1227 1085 1307 1129 has
1336 1086 1530 1141 picturas
1566 1087 1698 1130 rubro

208 1162 355 1206 colore⁴
384 1160 524 1217 rigide
554 1159 797 1219 delineatae
829 1164 873 1204 et
902 1159 1078 1204 vascula
1109 1160 1246 1216 nigris
1276 1160 1426 1217 figuris
1460 1165 1619 1206 ornata
1654 1162 1702 1205 in

205 1252 256 1281 eo
289 1236 427 1280 solum
459 1236 671 1288 cernitur,
707 1236 833 1290 ‘quod
869 1237 915 1279 in
944 1236 1031 1280 illis
1073 1235 1157 1293 (Κ,
1188 1236 1232 1293 Ι)
1270 1236 1452 1292 pedibus
1485 1236 1704 1280 Vulcanus

205 1312 453 1368 ingrediens
492 1307 847 1367 repraesentatus
885 1315 954 1355 es't
994 1312 1176 1356 absente
1204 1311 1367 1354 Bacchi
1396 1312 1526 1355 mulo.
1589 1310 1697 1354 Cum

204 1392 352 1431 autem
383 1385 621 1429 similitudo
662 1387 941 1430 vasculorum>
968 1385 995 1431 I
1027 1391 1071 1429 et
1099 1385 1143 1430 K
1180 1385 1237 1429 sit
1275 1385 1480 1439 maxima,
1519 1385 1610 1429 veri
1639 1385 1700 1428 'vi-

205 1464 335 1508 detur
365 1463 505 1506 simile
535 1462 764 1517 utriusque
793 1461 968 1525 'vasculi
1005 1462 1195 1518 pictores
1225 1461 1339 1504 idem
1370 1461 1565 1504 imitatos
1603 1475 1700 1509 esse

207 1538 450 1594 exemplam
481 1551 595 1594 quae
628 1538 882 1594 conjectura
904 1536 1021 1580 haud
1053 1541 1122 1581 est
1150 1535 1462 1593 improbabilis,
1494 1536 1698 1592 quoniam

204 1629 227 1656 6
249 1612 808 1668 discrepantiislevioribus
829 1617 1027 1668 apparet,
1051 1616 1218 1668 quanta
1238 1611 1442 1654 libertate
1465 1615 1509 1654 et
1528 1610 1704 1655 licentia

205 1688 396 1732 artifices
428 1687 565 1731 Attici
594 1713 649 1719 —
683 1687 841 1744 quibus
880 1685 1084 1730 videlicet
1113 1686 1290 1731 vascula
1330 1685 1518 1730 Vulceis·
1543 1685 1701 1730 effossa

202 1763 442 1807 tribuenda
485 1766 589 1805 sunt
628 1788 676 1793 ——
716 1763 761 1805 in
792 1762 1031 1818 exemplari
1081 1762 1238 1806 iterum
1288 1762 1562 1818 depingendo
1617 1762 1703 1804 sint

202 1839 282 1882 usi.
313 1862 372 1869 ——
1537 1824 1542 1829 ⁵
1580 1877 1582 1880 .

216 1973 218 1975 v
319 1913 517 1957 Picturas
549 1915 744 1958 vasarias
776 1922 930 1958 omnes'
955 1914 1100 1963 adhuc
1121 1908 1282 1957 allatas
1301 1913 1376 1969 (B,
1399 1912 1453 1968 G,
1475 1912 1537 1969 l),
1558 1911 1621 1966 Ε,
1641 1911 1700 1967 F,

204 1989 330 2047 (5151,
353 1988 417 2044 K,
438 1987 499 2045 L,
517 1988 618 2044 BB,
638 1987 727 2046 GC,
750 1988 858 2046 DI),
878 1988 979 2045 EE,
998 1987 1096 2046 FF,
1117 1988 1224 2046 llll,
1242 1987 1347 2045 GG,
1369 1986 1450 2044 ΙΙ,
1473 1986 1580 2045 KK,
1597 1986 1701 2044 LL,

205 2064 314 2121 MM)
334 2065 585 2125 secundum
615 2070 842 2120 poetarum
875 2067 1093 2121 epicorum
1125 2065 1343 2110 rationem
1383 2059 1550 2107 effictas
1590 2077 1700 2115 esse,

204 2140 405 2197 equidem
438 2143 596 2191 statuo,
627 2139 702 2184 sed
732 2140 797 2184 ita
825 2145 990 2194 tamen,
1032 2145 1080 2184 ut
1109 2144 1292 2196 putem‚-
1313 2140 1358 2182 in
1403 2138 1701 2195 componenda

204 2215 377 2271 pictura
412 2229 538 2258 suum
577 2214 807 2277 arbitrium
845 2228 921 2259 eos
958 2219 1131 2259 secutos
1169 2229 1277 2259 esse.
1347 2205 1511 2258 Horum
1552 2218 1699 2258 autem

203 2304 407 2334 vasorum
438 2289 649 2334 nonnulla
676 2303 771 2334 esse
802 2289 1076 2343 archaistica‚
1108 2289 1211 2333 bina
1240 2289 1459 2333 interdum
1481 2293 1530 2333 ut
1550 2289 1616 2346 (Ι,
1636 2289 1699 2345 Κ)

204 2367 268 2409 vel
311 2366 439 2422 plura
477 2362 535 2408 ad
576 2365 799 2422 exemplar
832 2365 952 2408 tertii
989 2366 1217 2421 cujusdam
1257 2365 1373 2408 vasis
1421 2365 1542 2421 picta
1585 2379 1702 2416 esse;

203 2454 317 2498 quac
357 2441 510 2483 resin
550 2445 701 2484 nostra
741 2441 1089 2499 perscrutatione
1123 2441 1244 2497 parvi
1286 2444 1353 2482 est
1377 2440 1602 2495 momenti.
1644 2465 1696 2471 —

205 2517 388 2560 Vulcani
419 2521 571 2571 typum
602 2520 870 2560 constantem
901 2516 946 2558 in
976 2516 1157 2571 picturis
1188 2515 1368 2558 vasariis
1399 2515 1524 2570 nigro
1555 2515 1699 2558 colore

203 2591 435 2635 delineatis
467 2605 554 2634 non
585 2591 845 2635 invenimus:
887 2591 1007 2654 nulla
1045 2605 1093 2633 re
1132 2590 1215 2633 nisi
1255 2589 1412 2633 malleo
1451 2596 1495 2633 et
1535 2590 1697 2646 forcipe

204 2666 426 2710 attributis
443 2666 700 2731 designatur
716 2660 1047 2720 Vulcanusjsed
1063 2679 1176 2721 quae
1192 2678 1327 2721 prope
1342 2665 1398 2708 ad
1416 2679 1474 2710 ea,
1485 2665 1698 2709 accedunt
