1920 3216
819 176 876 184 -
937 154 1109 209 50¹.-

211 270 291 310 aut
329 266 520 311 animum
561 265 742 323 pictoris
784 266 955 312 subisse
997 266 1251 312 memoriam
1298 265 1503 313 ludorum
1545 268 1711 314 scaeni-

212 355 360 385 corum
411 346 491 385 aut
541 343 837 397 composuisse
888 343 1174 394 vascularium
1222 343 1435 398 picturam
1481 344 1535 386 ad
1584 357 1710 387 suum

212 415 442 460 arbitrium
484 419 657 461 servato
699 430 820 462 more
868 422 913 462 et
955 417 1127 462 ratione
1183 420 1414 475 poetarum
1462 417 1710 463 dramatum

211 491 512 547 satyricorum.
549 517 596 523 ——
633 491 706 535 Sin
744 497 890 536 autem
927 493 973 536 in
1011 493 1258 536 universum
1298 492 1345 535 id
1375 492 1515 536 solum
1559 506 1711 537 conce-

208 566 327 610 ditur
358 574 529 610 morem‘
553 570 722 610 tantum
753 572 890 625 atque
919 568 1132 612 rationem
1154 567 1399 613 dramatum
1421 569 1708 624 satyricorum

207 642 253 683 in
284 641 466 697 picturis
497 641 752 685 vasculariis
788 657 919 699 posse
949 637 1097 696 cernis
1123 642 1169 686 id
1210 643 1395 686 maxime
1436 642 1605 686 videtur
1643 658 1708 686 re-

208 716 477 772 spiciendum
510 717 639 760 etiam
679 717 767 760 alia
805 716 939 759 fuisse
979 717 1229 772 spectacula
1265 718 1328 773 (in
1366 717 1523 773 quibus
1556 716 1704 774 Satyri

207 795 335 834 erant
375 790 552 847 chorus)
594 805 708 848 quae
751 790 944 835 artifices
986 790 1149 834 imitari
1195 795 1326 848 atque
1371 795 1705 849 repraesentare

206 866 438 922 potuerint.
508 866 759 923 Satyrorum
802 866 913 909 enim
953 880 1139 923 pompae
1178 866 1410 911 bacchicae
1451 867 1702 923 saepissime

204 942 249 984 in
269 941 607 985 bacchanalibus
637 941 683 984 in
714 942 914 985 omnibus
937 940 1147 985 Graeciae
1177 942 1427 998 regionibus
1459 942 1704 986 volitabant

208 1025 252 1060 et
281 1016 609 1074 vagabantur.¹)
670 1016 788 1070 Quas
819 1030 998 1073 pompas
1031 1016 1271 1070 bacchicam,
1304 1032 1401 1060 cum
1444 1032 1530 1061 non
1562 1016 1701 1061 solum

205 1108 375 1148 semper
407 1093 604 1135 omnibus
645 1097 797 1148 gratae
835 1092 912 1135 sed
955 1092 1086 1135 etiam
1117 1093 1367 1148 saepissime
1409 1097 1512 1136 ante
1552 1093 1701 1136 oculos

205 1173 350 1212 essent
390 1167 680 1218 Graecorum,
725 1165 914 1211 artifices
957 1165 1114 1210 Graeci
1155 1167 1408 1223 saepissime
1448 1181 1701 1225 repraesen-

202 1245 427 1295 taverunt3
459 1241 742 1297 quamobrem
763 1246 970 1285 sexcenta
991 1240 1151 1284 effossa
1179 1247 1281 1285 sunt
1301 1243 1478 1286 vascula
1500 1243 1698 1286 omnibus

200 1316 470 1373 temporibus
520 1320 650 1371 atque
701 1316 901 1360 omnibus
945 1316 1034 1358 stili
1082 1316 1310 1371 generibus
1358 1317 1610 1370 tribuenda,
1655 1318 1699 1360 in

200 1392 358 1447 quibus
395 1391 815 1448 repraesentationes
865 1405 1052 1447 pompae
1092 1391 1320 1436 bacchicae
1345 1393 1501 1448 pictae
1543 1391 1699 1449 sunt.²)

199 1465 339 1510 Multa
377 1480 479 1523 ergo
521 1465 745 1509 schemata
788 1480 899 1523 quae
931 1480 954 1509 e
987 1466 1102 1510 ludis
1145 1466 1354 1510 scaenicis
1395 1466 1611 1512 translata
1640 1468 1699 1511 vi-

200 1544 359 1587 dentur
391 1557 445 1586 ex
464 1542 562 1598 ipsa
584 1541 936 1586 commissatione
965 1540 1172 1599 (Κῶμος)
1205 1541 1464 1598 deprompta
1485 1557 1580 1587 esse
1601 1556 1698 1600 pos-

198 1623 318 1672 sunt;
356 1616 490 1661 nihilo
524 1622 671 1661 tamen
712 1616 853 1660 secius
902 1616 1103 1660 scaenica
1149 1616 1372 1660 schemata
1418 1632 1470 1661 ea
1510 1618 1697 1674 appello,

198 1693 402 1751 quoniam
441 1696 486 1735 et
516 1692 739 1736 comoedia
770 1696 814 1735 et
847 1692 1015 1748 pariter
1055 1692 1207 1736 drama
1248 1693 1480 1749 satyricum
1519 1693 1574 1736 ab
1612 1692 1698 1736 illis

198 1768 621 1812 commissationibus
636 1767 838 1823 profecta
855 1773 968 1811 sunt.
1000 1768 1285 1811 Inveniuntur
1310 1772 1458 1811 autem
1477 1768 1697 1811 schemata

197 1844 396 1889 scaenica
425 1843 544 1887 haud
574 1857 674 1887 raro
705 1843 749 1886 in
781 1842 968 1888 vasculis
1001 1842 1057 1903 Q,
1089 1842 1162 1901 R„
1184 1842 1234 1899 S,
1267 1842 1325 1897 T,
1355 1842 1418 1900 U,
1459 1857 1569 1899 quae-
1605 1841 1695 1899 jam

197 1919 370 1974 singula
411 1918 679 1974 perscrutari
720 1918 948 1974 incipiam,
991 1918 1065 1961 sed
1105 1919 1167 1961 ita
1201 1922 1366 1970 tamen,
1407 1922 1458 1960 ut
1497 1917 1692 1960 ordinem

198 2009 369 2040 servem
400 1994 534 2039 hunc:
566 1993 627 2049 R,
650 1993 698 2053 S,
721 1994 777 2055 (ξ,
802 1993 860 2051 Τ,
885 1993 948 2051 U,
972 1993 1030 2048 A,
1063 2008 1161 2037 nam
1194 1993 1238 2037 in
1258 1991 1297 2037 A
1328 2006 1482 2037 scenae
1510 1992 1696 2037 imitatio

197 2071 416 2127 reperitur
446 2070 734 2126 apertissima,
768 2070 814 2113 in
845 2068 889 2113 R
918 2069 1010 2113 fere
1041 2068 1174 2111 nulla.
1210 2093 1259 2099 -

313 2146 518 2190 Picturac
539 2145 584 2191 R.
615 2145 852 2189 similitudo
875 2145 1100 2201 'quaedam
1134 2148 1201 2188 est
1231 2158 1328 2188 cum
1357 2143 1419 2201 M,
1452 2142 1516 2201 N,
1550 2142 1604 2199 0,
1634 2143 1696 2205 P,

196 2236 311 2279 uqae
353 2221 409 2265 ad
453 2219 650 2265 tabulam
688 2221 733 2264 in
769 2220 933 2277 templo
964 2219 1124 2263 Bacchi
1162 2233 1296 2275 supra
1332 2218 1593 2262 rettulimus.
1654 2217 1698 2262 R·

194 2296 389 2351 proxime
421 2296 594 2339 accedit
625 2296 682 2340 ad
712 2296 772 2353 P,
807 2296 884 2339 ubi
914 2295 1113 2340 Bacchus
1144 2309 1299 2350 agmen
1329 2294 1494 2349 praeit,
1526 2308 1623 2336 cum
1653 2294 1697 2336 in

193 2370 237 2416 R
266 2370 397 2415 tertio
419 2370 516 2415 loco
539 2370 639 2414 vino
662 2369 811 2414 ebrius
834 2385 861 2415 a
883 2369 1042 2427 Satyro
1066 2372 1348 2423 sustentetur,
1383 2367 1500 2425 quod
1521 2368 1698 2412 schema

286 2572 320 2612 1)
346 2569 394 2605 cf.
422 2567 464 2603 Ο.
492 2562 671 2610 Mueller,
710 2568 857 2604 Griech.
889 2568 1118 2604 Lis-Gesch.
1149 2567 1196 2613 II,
1221 2579 1284 2614 pg.
1309 2569 1354 2603 28
1379 2577 1432 2612 sq.
1457 2568 1513 2602 31.
1547 2567 1593 2602 38
1616 2577 1695 2612 sqq.

191 2628 259 2664 196
282 2639 395 2731 s230st
422 2686 461 2722 ο.
488 2684 600 2730 Jahn,
624 2684 777 2721 Einieiz.
804 2686 843 2720 jn
868 2685 904 2721 d.
931 2665 1092 2720 vasenk.
1117 2695 1182 2731 pg.
1211 2683 1335 2726 cxo1‚
1363 2682 1456 2721 ccv
1480 2694 1533 2729 sq.
1560 2703 1605 2709 -
