1920 3216
812 138 1098 178 -20-

203 251 262 295 I).
333 251 574 294 Adversum
604 250 840 306 amphorae
867 251 983 294 latus
1015 265 1042 293 a
1060 250 1288 307 'Campana
1308 252 1353 294 in
1374 252 1551 295 Etruria
1577 251 1699 306 (Vul-

322 326 457 380 ceis‘?)
490 324 690 376 effossae,
722 339 836 367 nunc
857 326 1080 382 Petropoli
1108 330 1373 380 asservatae,
1405 326 1458 371 cf.
1481 327 1703 383 Stephani,

324 400 721 454 Vasensammlung
753 399 832 442 der
863 400 1039 446 kaiserl.
1073 401 1323 455 Eremitage
1342 415 1382 445 n.
1403 406 1481 456 553
1513 416 1701 458 express.

320 476 436 530 apud
461 475 670 531 Stephani
692 474 1037 529 Compte·rendu
1068 475 1123 518 de
1144 475 1188 518 la
1209 476 1422 519 commiss.
1453 476 1573 520 arch.
1596 491 1704 530 pour

324 551 447 592 1863.
479 563 550 605 pg.
583 552 649 593 55.
681 547 733 591 cf.
765 547 924 591 ibidem
956 562 1026 604 pg.
1062 551 1155 593 133.
1186 574 1244 581 —

203 623 260 667 E.
323 624 501 666 Pictura
532 625 576 666 in
609 623 743 679 cylice
774 624 1004 666 delineata.
1067 624 1160 667 Cat.
1183 624 1383 680 Beugnot
1414 640 1453 667 n.
1477 628 1515 668 3.
1539 625 1704 668 Dubois

320 697 412 742 Cat.
455 697 685 742 Pourtales
725 713 766 743 n.
811 703 904 743 148.
947 699 1008 750 (in
1046 712 1200 742 aversa
1236 703 1380 755 parte:
1423 700 1621 744 Bacchus
1661 705 1705 743 et

319 773 559 831 Ariadne?)
592 800 647 806 —

201 849 259 894 F.
320 850 498 893 Pictura
517 849 562 891 in
580 848 714 905 cylice
730 848 960 892 delineata.
993 848 1201 905 Sotheby,
1225 849 1365 894 Catal.
1384 850 1433 891 of
1444 849 1701 906 Basseggios

318 924 556 968 Collection
593 927 703 967 1839
735 939 775 968 n.
808 928 875 967 57.
909 950 959 955 -

200 1000 260 1044 G.
322 1000 503 1043 Pictura
522 1000 566 1041 in
584 998 716 1055 cylice
737 999 966 1042 delineata.
1000 998 1203 1055 Sotheby,
1226 1000 1362 1043 Catal.
1380 1001 1429 1043 of
1441 1001 1699 1055 Basseggios

315 1073 421 1118 Coll.
456 1076 565 1117 1839
598 1088 638 1118 n.
671 1076 737 1117 64.
773 1099 824 1105 —

197 1148 258 1193 ll.
321 1148 499 1192 Pictura
528 1149 573 1191 in
604 1148 739 1205 cylice
770 1148 1003 1193 delineata.
1063 1149 1157 1194 Cat.
1188 1149 1393 1207 etrusque
1425 1165 1465 1193 n.
1496 1153 1564 1193 49.
1602 1174 1649 1180 -—

247 1298 300 1342 11.
353 1298 602 1342 Picturae
632 1298 878 1343 vasariae
909 1299 1066 1345 rubro
1100 1299 1277 1345 colore
1308 1299 1651 1356 distinctae.¹)

198 1392 243 1435 Ι.
315 1392 519 1434 Exterior
560 1395 692 1445 atque
731 1391 917 1434 adversa
957 1405 1058 1446 pars
1096 1392 1245 1449 cylicis
1276 1392 1446 1434 Vulceis
1485 1396 1699 1447 repertae,

316 1483 430 1514 nunc
461 1467 640 1511 Parisiis
673 1471 891 1521 servatae3
924 1482 1134 1524 expressa
1162 1468 1206 1510 in
1238 1470 1426 1513 Monum.
1461 1468 1560 1511 dell’
1591 1468 1697 1510 Inst.

320 1542 366 1596 V,
400 1546 467 1585 35.
500 1567 556 1573 —
586 1542 639 1584 cf.
671 1542 763 1585 Cat.
785 1541 889 1585 Dur.
922 1558 963 1585 n.
998 1546 1094 1586 379.
1127 1567 1182 1572 —
1213 1542 1264 1585 111
1293 1556 1447 1587 aversa
1477 1546 1603 1600 parte
1632 1557 1699 1586 re-

317 1619 553 1675 spondent:
587 1622 796 1673 quattuor
826 1619 917 1671 viri,
950 1619 1035 1661 duo
1067 1619 1371 1661 adulescentes
1393 1619 1627 1672 saltantes;
1657 1620 1698 1661 in

315 1693 532 1751 profundo
572 1697 753 1750 paterae
797 1692 1062 1749 conspicitur
1092 1693 1208 1737 Juno
1245 1692 1403 1737 sedens
1441 1698 1572 1750 atque
1610 1693 1700 1736 rica

258 1758 260 1760 ’
314 1769 463 1812 velata
494 1774 536 1811 et
566 1768 851 1812 Prometheus
883 1769 956 1824 (τ).
988 1792 1045 1799 —
1078 1768 1131 1810 cf.
1164 1768 1322 1821 Braun,
1353 1769 1511 1812 Bullet.
1543 1768 1698 1820 xvffl,

292 1915 326 1960 1)
351 1915 465 1950 Hisce
490 1916 593 1949 certe
617 1925 695 1948 non
720 1912 1001 1948 adnumeranda
1024 1915 1082 1948 est
1102 1913 1269 1948 exterior
1292 1917 1404 1958 atque
1430 1913 1588 1949 adversa
1612 1925 1698 1959 pars

197 1972 338 2019 cylicis,
366 1984 469 2019 expr.
495 1984 554 2018 ap.
596 1970 804 2017 Inghirami
828 1983 902 2007 vas.
928 1970 996 2007 fitt.
1022 1972 1101 2007 260.
1127 1970 1185 2006 ΕΙ.
1212 1971 1354 2007 Geram.
1386 1972 1413 2008 I.
1439 1975 1505 2009 47ι
1523 2001 1531 2009 .
1581 1972 1698 2017 Quam

196 2031 385 2076 picturam
416 2030 601 2065 vasariam
631 2030 906 2064 Lenormantus
943 2031 982 2064 et
1012 2029 1059 2064 de
1090 2029 1254 2064 Wittcus
1291 2030 1363 2074 (El.
1394 2030 1537 2065 Geram.
1569 2031 1598 2065 Ι.
1635 2042 1697 2075 pg.

196 2091 262 2123 142
287 2091 357 2133 sq.)
382 2087 483 2123 inter
506 2086 874 2133 repraesentationes
898 2085 1097 2121 Vulcania
1114 2085 1262 2121 Baccho
1280 2085 1319 2121 in
1336 2085 1532 2132 Olympum
1555 2087 1698 2123 reducti

192 2146 433 2182 rettulerunt.
488 2145 575 2180 Jam
607 2145 853 2181 Blucmnerus
885 2144 945 2187 (de
976 2143 1135 2180 Vulcani
1165 2143 1204 2178 in
1234 2147 1309 2180 vet.
1341 2148 1412 2180 art.
1443 2156 1542 2180 mon.
1575 2145 1697 2192 figura

191 2215 253 2251 pg.
281 2205 326 2238 23
349 2215 385 2238 n.
411 2203 448 2248 2)
473 2203 571 2238 hanc
595 2202 768 2249 picturae
793 2203 1145 2249 interpretationem
1163 2201 1295 2237 falsam
1313 2213 1393 2238 esse
1410 2202 1515 2238 dicit.
1557 2204 1697 2250 Figura

192 2262 291 2297 enim
323 2261 428 2297 asino
461 2260 636 2308 imposita
665 2260 892 2297 Bluemnero
923 2260 1076 2297 videtur
1106 2271 1185 2297 esse
1217 2273 1337 2308 „puer
1368 2261 1496 2297 tunica
1528 2264 1567 2297 et
1598 2263 1697 2308 pelle

191 2320 345 2355 indutus
363 2322 401 2355 et
426 2322 550 2355 utrem
574 2319 710 2355 dextra
727 2323 900 2366 gerens.“
951 2318 1201 2365 Inghiramius
1217 2318 1569 2365 interpretationem
1588 2320 1698 2356 affert

190 2379 345 2413 nullam.
395 2378 512 2422 Idem,
538 2377 816 2413 Lenormantus
842 2380 878 2412 et
897 2376 943 2412 de
961 2377 1123 2412 Wit.eus
1148 2380 1260 2422 atquc
1279 2377 1524 2413 Bluemnerus
1541 2380 1697 2414 laudant

190 2436 351 2482 primam
375 2436 517 2472 vasculi
542 2436 838 2482 publicationem
863 2434 1000 2470 factam
1027 2445 1048 2468 a
1072 2434 1208 2469 Politio
1236 2434 1422 2477 (Palermo
1450 2436 1551 2470 1834.
1593 2436 1696 2471 Sulla

190 2497 297 2530 tazza
321 2493 410 2530 dell’
435 2494 618 2539 amicizia)
643 2494 711 2530 sed
726 2493 879 2529 minime
896 2493 1141 2539 inspexerunt
1157 2492 1449 2538 descriptionem
1465 2494 1606 2536 Politii,
1633 2496 1695 2539 qui

189 2553 265 2588 suis
290 2553 370 2598 ipse
395 2553 514 2587 oculis
539 2552 697 2598 cylicem
722 2551 828 2587 vidit.
878 2551 1034 2586 Politius
1054 2550 1147 2585 dicit
1163 2549 1335 2596 figuram,
1360 2552 1409 2586 de
1430 2563 1504 2596 qua
1525 2552 1694 2596 quaestio

190 2614 258 2655 est,
283 2622 364 2648 esse
390 2610 590 2647 Baccham:
637 2608 746 2655 „Una
771 2609 943 2653 graciosa
967 2608 1128 2645 Menade
1159 2607 1196 2643 lo
1230 2620 1363 2656 seque,
1394 2610 1612 2647 cavalcante
1644 2622 1694 2646 un

189 2670 352 2716 superbo
377 2670 481 2706 asino
507 2669 567 2705 col
592 2668 682 2703 fallo
708 2667 957 2704 inalberato.“
982 2687 1029 2692 —-
