1920 3216
777 163 1067 204 ..34-

233 322 266 369 I.
326 322 400 367 De
431 323 663 379 picturis
692 324 919 368 vasariis
950 323 1013 368 ad
1045 322 1314 380 exemplar
1344 323 1605 382 poetarum

619 393 878 450 epicorum
908 393 1222 448 compositis.

292 485 386 529 Hoc
416 486 511 529 loco
542 485 766 530 afferenda
797 489 900 529 sunt
927 499 1032 530 vasa
1064 485 1210 529 omnia
1244 484 1380 541 nigris
1412 484 1488 543 (Β,
1521 484 1572 543 G,
1605 484 1668 543 l),

175 561 276 617 ΒΒ,
292 561 381 617 CC,
399 561 507 617 m),
523 560 583 616 Ε,
596 560 657 617 F,
675 560 734 618 G,
751 560 852 616 EE,
869 560 967 616 FF,
986 560 1090 616 ἃᾶ,
1101 560 1208 617 ΗΠ,
1225 560 1308 618 ΙΙ,
1325 561 1434 617 KK,
1448 561 1669 615 LL,M11)

175 640 221 679 et.
241 636 327 679 duo
348 637 492 681 rubris
511 636 663 693 figuris
683 641 842 680 ornata
862 637 1091 681 severioris
1113 637 1200 681 stili
1222 636 1284 693 (Ι,
1305 636 1423 694 ΚΥ).
1475 636 1666 690 Quorum

175 726 277 767 pars
298 712 487 756 maxima
506 711 615 767 (CC,
636 710 735 768 FF,
758 711 819 769 Κ,
841 711 886 769 Ι,
908 711 997 757 ΚΚ
1018 717 1073 764 et,
1104 716 1153 755 ut
1174 713 1278 755 mihi
1297 713 1474 768 quidem
1496 703 1669 769 persuass

178 802 274 830 sum
315 793 384 830 est
420 812 468 818 —
498 786 602 843 LL,
634 786 745 843 ml)
784 786 956 829 Vulceis
993 787 1153 831 effossa
1194 792 1281 840 est,
1323 787 1365 831 Ι)
1395 789 1440 830 in
1477 788 1672 850 Etruria,

175 861 216 906 B
249 861 392 913 Clu'sii,
424 861 512 905 Im
544 861 703 905 Cumis.
765 860 871 904 Cum
903 860 1078 904 Etrusci
1108 875 1160 904 ex
1181 862 1327 905 Attica
1356 876 1463 905 vasa
1492 876 1671 918 suppor-

176 935 379 994 tarent²)‚
410 936 588 980 vascula
608 950 721 993 quae
753 935 1001 979 enumeravi
1031 934 1086 978 ab
1120 934 1343 991 opificibus
1364 936 1520 980 Atticis
1551 936 1670 981 facta

177 1026 273 1054 esse
304 1016 475 1053 constat
505 1012 641 1066 (quod
662 1011 715 1053 de
738 1011 770 1055 C
798 1015 844 1052 et
863 1010 945 1054 BB
977 1010 1079 1052 solis
1112 1015 1233 1052 certo
1264 1010 1553 1054 demonstrari
1583 1026 1667 1055 non

175 1088 342 1142 potest)
389 1092 571 1143 excepto
611 1086 788 1130 vasculo
832 1085 939 1141 m),
987 1085 1105 1142 quod
1144 1085 1188 1128 in
1234 1084 1400 1129 fabrica
1440 1087 1674 1131 vernacula

175 1160 324 1204 Cumis
363 1160 514 1204 fictum
555 1165 600 1204 et
636 1160 788 1217 figuris
826 1164 1028 1204 ornatum
1068 1163 1148 1203 est.
1187 1184 1245 1192 —
1285 1160 1479 1204 Pictores
1521 1165 1669 1205 autem

174 1251 376 1280 vasorum
426 1237 508 1280 hoc
564 1236 661 1280 loco
717 1236 1105 1292 perquirendorum
1161 1240 1392 1292 poetarum
1450 1237 1668 1293 epicorum

175 1311 361 1367 vestigia
391 1314 563 1355 secutos
593 1325 703 1360 esse,
731 1310 777 1353 in
807 1311 1058 1354 universum
1091 1325 1185 1355 esse
1216 1310 1306 1354 veri
1339 1310 1477 1354 simile
1507 1326 1670 1367 negare

173 1386 292 1428 nullo
336 1386 463 1428 modo
508 1401 756 1442 possumus,
810 1387 847 1429 si
893 1391 1139 1443 temporum
1184 1386 1396 1429 habemus
1442 1387 1670 1430 rationem.

174 1462 301 1505 Justo
334 1463 448 1505 enim
473 1461 575 1516 jure
606 1461 753 1504 omnia
790 1461 970 1505 vascula
1007 1462 1143 1517 nigris
1183 1465 1338 1505 ornata
1372 1461 1522 1518 figuris
1561 1465 1670 1505 tem-

175 1536 355 1592 poribus
385 1536 697 1581 vetustiorihus
729 1549 822 1578 cum
854 1536 1004 1578 fabula
1035 1550 1062 1578 a
1092 1535 1221 1579 nullis
1252 1540 1444 1579 tractata
1479 1540 1550 1579 est
1585 1537 1669 1579 nisi

176 1627 203 1655 a
224 1600 371 1668 'poetis
403 1611 548 1667 epicis.
618 1610 731 1654 Sane
770 1610 1134 1654 demonstraverit
1172 1611 1431 1667 Brunnius³)
1470 1611 1516 1653 in
1556 1612 1673 1655 vasis

174 1687 390 1742 imagines
421 1687 581 1729 vetusti
613 1686 702 1729 stili
733 1686 874 1741 pictas
913 1699 1007 1729 esse
1046 1686 1176 1728 etiam
1212 1686 1526 1741 posterioribus
1564 1691 1672 1729 tem-

174 1762 371 1818 poribus:
427 1761 505 1805 sed
550 1765 654 1804 sunt
699 1774 849 1806 omnes
893 1759 986 1816 ejus
1031 1761 1170 1814 modi,
1227 1748 1335 1818 quas
1389 1761 1672 1806 archaisticas

175 1838 396 1896 appellare
435 1836 710 1893 archaeologi
745 1841 1073 1880 consueverunt.
1143 1836 1255 1889 Quot
1286 1848 1391 1879 vasa
1421 1851 1476 1880 ex
1506 1841 1673 1893 septem

176 1919 220 1957 et
251 1915 403 1956 decem
433 1914 580 1969 nigras
610 1912 774 1968 figuras
795 1912 1100 1956 exhibentibus
1121 1913 1278 1956 indicis
1298 1914 1381 1956 mei
1412 1912 1690 1957 archaistica'

173 1989 283 2043 sint,
325 1993 417 2032 tum
460 1987 631 2031 demum
673 1991 869 2031 statuere
909 1991 1082 2045 potero,
1120 2002 1216 2031 cum
1238 1988 1401 2031 ‘omnia
1440 1987 1547 2030 meis
1581 1987 1674 2043 ipse

173 2065 311 2108 oculis
353 2064 513 2107 videro.
586 2066 787 2108 Attamen
828 2063 1012 2106 multum
1051 2064 1153 2107 huic
1191 2064 1457 2119 separationi
1503 2063 1671 2108 archai-

172 2135 322 2184 corum
354 2142 398 2183 et
428 2137 787 2183 archaisticorum
818 2136 1098 2182 tribuendum
1118 2150 1206 2181 non
1227 2137 1358 2182 estin
1390 2136 1668 2195 exquirendis

266 2290 303 2332 1)
331 2285 612 2322 Delineationes
636 2284 823 2332 inspicere
847 2273 939 2319 inihi
964 2283 1071 2320 licuit
1094 2294 1271 2320 vasorum
1296 2283 1337 2325 B,
1366 2282 1404 2329 C,
1430 2282 1476 2328 D,
1504 2283 1579 2330 BB,
1605 2283 1673 2329 CC,

172 2345 253 2390 DD,
278 2346 307 2386 Ι,
335 2344 381 2390 K,
406 2344 446 2379 in
470 2354 567 2389 quae
592 2354 676 2378 eam
701 2342 822 2387 ipsam
848 2342 896 2377 ob
923 2353 1074 2377 causam
1100 2341 1319 2384 diligentius
1336 2341 1525 2386 inquirere
1549 2341 1673 2387 potui;

172 2403 219 2438 (le
245 2402 380 2438 ceteris
405 2403 533 2436 autem
559 2399 617 2445 (E,
644 2399 686 2441 F,
713 2399 755 2444 G,
781 2399 860 2445 EE,
879 2399 952 2444 FF,
972 2399 1050 2444 GG,
1067 2399 1150 2444 HH,
1169 2399 1221 2444 ΙΙ,
1239 2398 1321 2439 ΚΚ,
1339 2398 1415 2443 LL,
1432 2399 1528 2441 MM)
1551 2399 1675 2434 obiter

171 2463 319 2496 tantum
343 2470 456 2506 agere
479 2457 597 2504 potui.
622 2477 668 2482 —

266 2518 301 2563 2)
327 2517 376 2553 cf.
402 2516 445 2553 Ο.
472 2516 586 2562 Jahn,
610 2515 710 2551 Einl.
738 2515 760 2550 i.
787 2514 821 2550 d.
847 2514 1097 2550 Vasenkunde
1121 2526 1184 2561 pg.
1210 2514 1366 2551 LXVIII
1391 2526 1469 2560 sqq.
1511 2514 1553 2549 E.
1580 2513 1671 2550 Ger-

171 2575 278 2620 hard,
303 2576 379 2611 Zur
403 2573 581 2611 Revision
606 2573 674 2609 der
701 2573 964 2615 Vasenkunde,
989 2572 1104 2608 Arch.
1121 2572 1243 2618 Zeitg.
1263 2573 1364 2608 1855.
1388 2584 1452 2619 pg.
1470 2573 1516 2608 99
1531 2584 1610 2619 sqq.
1628 2592 1673 2598 —-

266 2633 301 2676 3)
326 2633 527 2669 Probleme
556 2632 595 2666 in
626 2631 694 2666 der
719 2631 941 2667 Geschichte
973 2631 1041 2666 der
1064 2630 1343 2666 Vasenmalerei
1377 2632 1478 2667 1871.
1528 2630 1611 2666 Ber.
1639 2631 1671 2664 d.

172 2692 262 2726 bair.
289 2691 359 2726 Ak.
386 2691 422 2726 d.
449 2688 558 2725 Wiss.
584 2689 613 2723 Ι.
641 2688 693 2724 Cl.
721 2689 789 2726 Bd.
815 2690 899 2725 XII.
927 2693 959 2726 2.
985 2689 1151 2725 Abtheil.
1176 2708 1222 2714 -—
