1920 3216
782 174 1113 214 ⁴-13—

229 287 462 341 e'gsvofivov
492 287 630 333 πιστὰ
663 281 717 346 ἦν
741 282 995 346 “Ηφαίστῳ,
1025 282 1233 339 μεθύσας
1269 279 1405 327 αὐτὸν
1442 283 1487 336 ἐς
1527 282 1718 343 οὐρανὸν

226 357 394 419 ἤνανε··
423 389 453 394 -

345 438 582 482 Novissime
603 462 661 470 ——
681 439 848 494 quarto·
863 434 1037 480 saeculo
1058 449 1099 491 p.
1122 433 1197 478 Ch.
1219 450 1260 478 n.
1296 462 1339 466 —
1378 434 1544 479 tradita
1565 438 1666 478 sunt
1690 450 1716 477 a

228 512 495 570 Libanio¹)
527 513 652 556 baec:
683 513 810 556 ποιεῖ
828 508 878 554 δὲ
899 507 974 553 καὶ
994 505 1165 565 θρόνον
1184 510 1241 567 τῇ
1259 508 1394 568 μητρὶ
1415 510 1575 569 δῶρον,
1597 504 1720 567 ἄφα-

230 587 319 638 νεῖς
348 581 506 641 ἒῇζοντα
538 586 743 643 δεσμούς,
775 584 852 631 καὶ
881 586 1063 640 πέμπει.
1095 582 1171 627 καὶ
1202 582 1227 642 ἡ
1258 581 1384 640 μάλα
1420 600 1468 628 τε
1506 581 1629 644 ἥσθη
1659 585 1723 640 τῷ

228 658 361 720 δώρῳ
393 660 469 705 καὶ
496 657 735 717 καθιζάνει
765 659 840 704 καὶ
871 659 1011 719 ἐδέθη
1042 658 1116 702 καὶ
1148 655 1172 701 ὅ
1205 656 1352 703 λύσων
1381 655 1462 703 οὐκ
1483 653 1547 718 ἦν.
1577 658 1719 716 βουλὴ

228 735 279 777 δὲ
309 733 515 801 γίγνεται,
548 739 666 781 θεῶν
697 734 803 796 περὶ
821 737 901 793 τῆς
922 731 985 786 εἷς
1006 729 1226 793 οὐρανοὺς
1254 728 1524 788 ἀναβάσεως
1551 731 1719 791 ἝΙφαί-

230 823 354 852 στου·
384 806 524 865 μόνον
545 810 629 870 γὰρ
652 810 820 854 ἐκεῖνον
839 807 915 852 καὶ
937 808 1080 851 λῦσαι.
1104 805 1332 864 σιγώντων
1354 802 1434 852 οὖν
1453 810 1544 851 τῶν
1569 802 1720 850 ἄλλων

228 882 304 927 καὶ
335 879 628 943 ἀπορούντων
650 885 787 944 ’Ἀρης
818 880 1100 937 ὑπισχνεῖται
1129 880 1204 925 καὶ
1235 880 1385 926 ἐλθών
1417 883 1606 942 πράττει
1635 884 1719 938 μὲν

227 954 370 1010 οὐδὲν,
402 955 596 1019 αἰσχρῶς
626 960 675 1003 δὲ
714 954 1051 1003 ἀπαλλάττεται
1094 960 1283 1013 πυρσοῖς
1324 951 1461 1000 αὐτὸν
1497 956 1720 1012 δειματώ-

230 1048 392 1084 σαντος
419 1028 726 1093 “Ηφαίστου2).
760 1059 812 1065 ——

344 1183 547 1236 Quibus
585 1199 645 1227 ex
690 1183 962 1227 veteribus
1011 1183 1201 1225 artium
1249 1182 1599 1225 monumentis
1647 1182 1719 1225 sa·

228 1257 405 1302 bulam
435 1259 656 1303 Vulcani
687 1258 886 1315 dejecti
923 1261 1079 1314 atque
1119 1258 1171 1301 in
1204 1256 1474 1313 Olympum
1513 1256 1720 1300 reducti

228 1336 644 1388 cognoverimus,
677 1334 971 1389 exponitur.
1002 1359 1057 1364 -—

343 1408 537 1453 Fabulae
600 1408 1048 1465 repraesentationum
1100 1408 1312 1458 omnium,
1365 1422 1473 1463 quas
1524 1408 1719 1464 cognitas

227 1483 449 1537 habemus,
472 1483 806 1539 vetustissima³)
828 1483 1022 1525 ultimam
1046 1495 1244 1524 scaenam
1267 1483 1517 1537 praebebat,
1537 1482 1720 1525 Junonis

226 1558 433 1614 religatae
457 1560 729 1603 solutionem.
761 1559 863 1602 Fuit
884 1551 1234 1613 anaglyphuin
1257 1572 1480 1601 aeneum
1499 1557 1720 1613 Spartae

226 1634 276 1676 in
310 1634 506 1691 templo
528 1634 796 1679 Minervae
818 1647 949 1690 quae
970 1628 1306 1684 Χαλκίοικος
1335 1632 1719 1689 appellabatur.

227 1709 359 1765 Cujus
380 1711 523 1766 operis
554 1710 711 1754 artifex
733 1711 836 1766 quin
856 1709 990 1752 fuerit
1011 1707 1307 1764 Gitiadas⁴),
1340 1723 1366 1751 a
1399 1723 1484 1764 quo
1514 1710 1718 1764 templum

229 1783 503 1828 aedificatum
536 1798 630 1829 esse
661 1785 905 1828 Pausanias
938 1787 1102 1837 narrat,
1133 1797 1219 1826 non
1251 1787 1318 1826 est
1349 1797 1426 1827 cur
1458 1785 1717 1829 dubitemus.

224 1857 323 1900 Jam
369 1873 500 1902 unum
547 1872 600 1901 ex
642 1858 901 1915 anaglyphis
943 1873 996 1901 ex
1038 1858 1215 1901 heroum
1256 1863 1300 1901 et
1341 1859 1519 1901 deorum
1561 1859 1719 1902 fabulis

321 2013 352 2046 1)
380 2010 406 2045 Ι.
430 2023 490 2057 pg.
517 2011 608 2046 1099
635 2022 681 2047 ex
704 2021 779 2045 rec.
806 2008 960 2045 Reiskii.
992 2029 1038 2034 —
1070 2009 1116 2045 cf.
1151 2007 1193 2045 Ο.
1218 2008 1335 2057 Jahn,
1366 2010 1565 2047 Archaeol.
1596 2010 1719 2057 Zeitg.

224 2068 287 2103 XI.
317 2070 418 2105 1853.
443 2081 506 2116 pg.
534 2071 611 2105 167.
635 2090 683 2095 —

317 2128 354 2173 2)
380 2127 482 2173 Quae
507 2130 714 2174 sequuntur
737 2127 855 2164 verba
878 2126 1051 2162 mutilata
1076 2138 1097 2162 a
1120 2126 1210 2163 viris
1229 2126 1349 2162 doctis
1367 2126 1533 2162 nondum
1551 2130 1719 2163 correcta

223 2187 325 2219 sunt:
361 2188 691 2231 ταλαιπωρουμένης
722 2186 758 2219 δὲ
791 2187 812 2207 *
834 2184 926 2231 μετὰ
958 2187 1057 2219 οἴνου
1082 2184 1273 2226 Διόνυσος,
1312 2184 1366 2218 ’m'
1400 2183 1458 2219 διὰ
1490 2189 1610 2231 μέθης
1634 2186 1719 2229 εἶχεν

214 2240 414 2287 ἽΙφαιστον
440 2240 617 2288 ἑπόμενον.
643 2241 662 2275 ὅ
688 2243 727 2276 δὲ
751 2243 868 2277 ἐλθὼν
893 2245 951 2278 καὶ
974 2242 1038 2287 τῇν
1066 2245 1200 2289 μητέρα
1226 2246 1243 2265 *
1268 2243 1458 2280 Διόνυσον.
1493 2242 1510 2287 ἧ
1545 2245 1584 2278 δὲ
1609 2240 1719 2278 αὐτὸν

222 2296 432 2346 ἀμειβομένη
458 2303 577 2335 πείθει
601 2300 684 2338 τοὺς
708 2292 895 2348 οὐρανίους
920 2301 1031 2340 θεοὺς
1056 2302 1114 2336 ἵνα
1139 2302 1207 2335 τῶν
1231 2297 1401 2347 οὐρανίων
1427 2303 1520 2336 θεῶν
1546 2303 1604 2336 καὶ
1632 2301 1715 2336 Auz-

224 2372 330 2394 νυσον
355 2361 452 2394 εἶναι.
484 2381 524 2386 -

319 2421 352 2463 ὅ)
378 2419 448 2453 Hic
479 2431 555 2454 non
586 2422 642 2455 est
672 2420 776 2455 loeus
812 2419 1043 2464 quaestionis
1080 2430 1152 2464 quo
1192 2421 1360 2463 tempore
1396 2420 1511 2455 fuerit
1541 2420 1719 2475 Gitiadas‚

224 2486 298 2520 qua
322 2475 369 2511 de
393 2487 434 2511 re
460 2476 699 2522 archaeologi
730 2488 808 2513 non
839 2476 1088 2511 consentiunt.
1143 2476 1267 2522 Atque
1298 2477 1328 2511 si
1360 2488 1402 2512 re
1431 2488 1522 2513 vera
1552 2477 1720 2513 Gitiadas

225 2535 384 2569 multum
416 2538 503 2581 post
534 2535 589 2571 Ol.
619 2535 696 2570 LX.
729 2534 917 2572 floruisset
947 2555 989 2561 —
1023 2534 1124 2580 quod
1159 2534 1240 2570 vult
1275 2535 1463 2572 Brunnius
1500 2536 1646 2581 (Geseh.
1683 2537 1718 2572 d.

224 2591 365 2636 griech.
389 2592 571 2627 Kiinstler
595 2592 622 2626 Ι.
646 2603 707 2637 pg.
734 2595 778 2627 52
803 2604 856 2637 sq.
896 2592 943 2627 of.
967 2593 1143 2634 Bursian,
1168 2592 1288 2627 Ersch
1310 2605 1345 2627 u.
1370 2592 1535 2629 Grubers
1567 2594 1719 2638 Eneyel.

225 2652 314 2685 tom.
340 2650 394 2685 82.
420 2661 482 2696 pg.
508 2648 590 2695 410)
618 2670 657 2676 -
684 2650 756 2686 hoo
780 2650 828 2686 ad
852 2652 1020 2686 nostram
1046 2662 1126 2688 rem
1156 2649 1261 2685 nullo
1292 2650 1404 2686 modo
1431 2651 1648 2697 pertineret.
1675 2673 1719 2676 —

316 2710 353 2749 4)
379 2707 425 2742 cf.
453 2707 658 2750 Overbeck‚
685 2708 814 2743 Gescb.
842 2708 876 2742 d.
903 2708 1044 2753 griech.
1070 2708 1224 2754 Plastik,
1251 2710 1276 2744 I.
1302 2721 1364 2755 pg.
1389 2711 1436 2744 80
1461 2721 1515 2755 sq.
1543 2731 1587 2735 —-
