<?xml version="1.0" encoding="UTF-8"?>
<!DOCTYPE html PUBLIC "-//W3C//DTD XHTML 1.0 Transitional//EN"
    "http://www.w3.org/TR/xhtml1/DTD/xhtml1-transitional.dtd">
<html xmlns="http://www.w3.org/1999/xhtml" xml:lang="en" lang="en">
 <head>
  <title>
</title>
<meta http-equiv="Content-Type" content="text/html;charset=utf-8" />
  <meta name='ocr-system' content='tesseract 3.04.00' />
  <meta name='ocr-capabilities' content='ocr_page ocr_carea ocr_par ocr_line ocrx_word'/>
</head>
<body>
  <div class='ocr_page' id='page_1' title='image "4738126_0046.png"; bbox 0 0 1920 3216; ppageno 0'>
   <div class='ocr_carea' id='block_1_1' title="bbox 764 153 1047 192">
    <p class='ocr_par' dir='ltr' id='par_1_1' title="bbox 764 153 1047 192">
     <span class='ocr_line' id='line_1_1' title="bbox 764 153 1047 192; baseline 0.004 -12"><span class='ocrx_word' id='word_1_1' title='bbox 764 153 1047 192; x_wconf 74' lang='grc'><strong>..33-</strong></span> 
     </span>
    </p>
   </div>
   <div class='ocr_carea' id='block_1_2' title="bbox 155 265 1686 2436">
    <p class='ocr_par' dir='ltr' id='par_1_2' title="bbox 155 265 1686 2436">
     <span class='ocr_line' id='line_1_2' title="bbox 155 265 1655 321; baseline 0.001 -14"><span class='ocrx_word' id='word_1_2' title='bbox 155 265 429 319; x_wconf 80' lang='lat' dir='ltr'>picturarum</span> <span class='ocrx_word' id='word_1_3' title='bbox 460 265 729 309; x_wconf 86' lang='lat' dir='ltr'>reductionis</span> <span class='ocrx_word' id='word_1_4' title='bbox 770 279 931 309; x_wconf 90' lang='lat' dir='ltr'>scaena</span> <span class='ocrx_word' id='word_1_5' title='bbox 968 265 1180 321; x_wconf 87' lang='lat' dir='ltr'>bipartita</span> <span class='ocrx_word' id='word_1_6' title='bbox 1210 279 1367 321; x_wconf 82' lang='lat' dir='ltr'>agmen</span> <span class='ocrx_word' id='word_1_7' title='bbox 1403 279 1489 308; x_wconf 91' lang='lat' dir='ltr'>non</span> <span class='ocrx_word' id='word_1_8' title='bbox 1522 265 1655 308; x_wconf 87' lang='lat' dir='ltr'>conti-</span> 
     </span>
     <span class='ocr_line' id='line_1_3' title="bbox 155 339 1656 399; baseline 0.002 -17"><span class='ocrx_word' id='word_1_9' title='bbox 155 353 289 383; x_wconf 89' lang='lat' dir='ltr'>nuum</span> <span class='ocrx_word' id='word_1_10' title='bbox 320 339 554 396; x_wconf 86' lang='lat' dir='ltr'>praebent;</span> <span class='ocrx_word' id='word_1_11' title='bbox 585 340 656 398; x_wconf 73' lang='lat' dir='ltr'>[sic</span> <span class='ocrx_word' id='word_1_12' title='bbox 692 340 735 384; x_wconf 92' lang='lat' dir='ltr'>in</span> <span class='ocrx_word' id='word_1_13' title='bbox 767 339 838 386; x_wconf 80' lang='lat' dir='ltr'>CC</span> <span class='ocrx_word' id='word_1_14' title='bbox 880 354 967 384; x_wconf 93' lang='lat' dir='ltr'>non</span> <span class='ocrx_word' id='word_1_15' title='bbox 1010 341 1338 399; x_wconf 89' lang='lat' dir='ltr'>conspiciuntur</span> <span class='ocrx_word' id='word_1_16' title='bbox 1374 340 1456 385; x_wconf 92' lang='lat' dir='ltr'>nisi</span> <span class='ocrx_word' id='word_1_17' title='bbox 1491 339 1656 397; x_wconf 86' lang='lat' dir='ltr'>figurae</span> 
     </span>
     <span class='ocr_line' id='line_1_4' title="bbox 156 415 1654 473; baseline -0.001 -14"><span class='ocrx_word' id='word_1_18' title='bbox 156 417 393 472; x_wconf 86' lang='lat' dir='ltr'>primariae</span> <span class='ocrx_word' id='word_1_19' title='bbox 418 422 650 473; x_wconf 81' lang='lat' dir='ltr'>excerptae</span> <span class='ocrx_word' id='word_1_20' title='bbox 672 415 738 458; x_wconf 85' lang='lat' dir='ltr'>vel</span> <span class='ocrx_word' id='word_1_21' title='bbox 766 415 931 460; x_wconf 82' lang='lat' dir='ltr'>electae</span> <span class='ocrx_word' id='word_1_22' title='bbox 961 431 1014 460; x_wconf 84' lang='lat' dir='ltr'>ex</span> <span class='ocrx_word' id='word_1_23' title='bbox 1036 417 1124 461; x_wconf 89' lang='lat' dir='ltr'>alia</span> <span class='ocrx_word' id='word_1_24' title='bbox 1153 418 1326 473; x_wconf 77' lang='lat' dir='ltr'><strong>pictura</strong></span> <span class='ocrx_word' id='word_1_25' title='bbox 1346 416 1529 460; x_wconf 80' lang='lat' dir='ltr'>vasaria.</span> <span class='ocrx_word' id='word_1_26' title='bbox 1582 416 1654 459; x_wconf 90' lang='lat' dir='ltr'>Vi-</span> 
     </span>
     <span class='ocr_line' id='line_1_5' title="bbox 156 490 1654 549; baseline -0.001 -15"><span class='ocrx_word' id='word_1_27' title='bbox 156 491 310 535; x_wconf 83' lang='lat' dir='ltr'>demus</span> <span class='ocrx_word' id='word_1_28' title='bbox 342 492 453 535; x_wconf 88' lang='lat' dir='ltr'>enim</span> <span class='ocrx_word' id='word_1_29' title='bbox 485 491 530 535; x_wconf 92' lang='lat' dir='ltr'>in</span> <span class='ocrx_word' id='word_1_30' title='bbox 561 490 702 535; x_wconf 86' lang='lat' dir='ltr'>altero</span> <span class='ocrx_word' id='word_1_31' title='bbox 733 491 870 536; x_wconf 89' lang='lat' dir='ltr'>latere</span> <span class='ocrx_word' id='word_1_32' title='bbox 899 491 1013 536; x_wconf 88' lang='lat' dir='ltr'>inter</span> <span class='ocrx_word' id='word_1_33' title='bbox 1042 492 1153 536; x_wconf 90' lang='lat' dir='ltr'>duos</span> <span class='ocrx_word' id='word_1_34' title='bbox 1183 506 1361 549; x_wconf 84' lang='lat' dir='ltr'>magnos</span> <span class='ocrx_word' id='word_1_35' title='bbox 1382 491 1531 537; x_wconf 89' lang='lat' dir='ltr'>oculos</span> <span class='ocrx_word' id='word_1_36' title='bbox 1555 490 1654 534; x_wconf 90' lang='lat' dir='ltr'>Vul-</span> 
     </span>
     <span class='ocr_line' id='line_1_6' title="bbox 157 565 1656 623; baseline -0.002 -11"><span class='ocrx_word' id='word_1_37' title='bbox 157 581 312 612; x_wconf 87' lang='lat' dir='ltr'>canum</span> <span class='ocrx_word' id='word_1_38' title='bbox 343 565 625 622; x_wconf 83' lang='lat' dir='ltr'>hederatum,</span> <span class='ocrx_word' id='word_1_39' title='bbox 667 566 873 611; x_wconf 89' lang='lat' dir='ltr'>malleum</span> <span class='ocrx_word' id='word_1_40' title='bbox 915 571 959 610; x_wconf 91' lang='lat' dir='ltr'>et</span> <span class='ocrx_word' id='word_1_41' title='bbox 997 567 1220 623; x_wconf 79' lang='lat' dir='ltr'>palmitem</span> <span class='ocrx_word' id='word_1_42' title='bbox 1260 570 1497 623; x_wconf 81' lang='lat' dir='ltr'>gerentem,</span> <span class='ocrx_word' id='word_1_43' title='bbox 1539 565 1656 610; x_wconf 90' lang='lat' dir='ltr'>mulo</span> 
     </span>
     <span class='ocr_line' id='line_1_7' title="bbox 157 641 1655 698; baseline -0.001 -13"><span class='ocrx_word' id='word_1_44' title='bbox 157 642 438 698; x_wconf 77' lang='lat' dir='ltr'>equitantem,</span> <span class='ocrx_word' id='word_1_45' title='bbox 474 646 576 685; x_wconf 88' lang='lat' dir='ltr'>ante</span> <span class='ocrx_word' id='word_1_46' title='bbox 599 656 729 697; x_wconf 90' lang='lat' dir='ltr'>quem</span> <span class='ocrx_word' id='word_1_47' title='bbox 754 642 939 697; x_wconf 76' lang='lat' dir='ltr'>Satyrus</span> <span class='ocrx_word' id='word_1_48' title='bbox 961 641 1183 694; x_wconf 87' lang='lat' dir='ltr'>barbatus,</span> <span class='ocrx_word' id='word_1_49' title='bbox 1206 642 1387 686; x_wconf 88' lang='lat' dir='ltr'>auribus</span> <span class='ocrx_word' id='word_1_50' title='bbox 1409 641 1655 698; x_wconf 83' lang='lat' dir='ltr'>praeacutis</span> 
     </span>
     <span class='ocr_line' id='line_1_8' title="bbox 157 701 1657 773; baseline -0.001 -13"><span class='ocrx_word' id='word_1_51' title='bbox 157 721 201 760; x_wconf 84' lang='lat' dir='ltr'>et</span> <span class='ocrx_word' id='word_1_52' title='bbox 222 716 364 760; x_wconf 87' lang='lat' dir='ltr'>cauda</span> <span class='ocrx_word' id='word_1_53' title='bbox 386 716 548 773; x_wconf 88' lang='lat' dir='ltr'>equina</span> <span class='ocrx_word' id='word_1_54' title='bbox 569 716 740 760; x_wconf 89' lang='lat' dir='ltr'>duabus</span> <span class='ocrx_word' id='word_1_55' title='bbox 765 701 883 760; x_wconf 77' lang='lat' dir='ltr'>canit</span> <span class='ocrx_word' id='word_1_56' title='bbox 902 715 1042 769; x_wconf 87' lang='lat' dir='ltr'>tibiis;</span> <span class='ocrx_word' id='word_1_57' title='bbox 1076 717 1120 760; x_wconf 91' lang='lat' dir='ltr'>in</span> <span class='ocrx_word' id='word_1_58' title='bbox 1152 732 1303 763; x_wconf 89' lang='lat' dir='ltr'>averso</span> <span class='ocrx_word' id='word_1_59' title='bbox 1334 718 1471 762; x_wconf 84' lang='lat' dir='ltr'>latere</span> <span class='ocrx_word' id='word_1_60' title='bbox 1494 715 1657 773; x_wconf 86' lang='lat' dir='ltr'>pariter</span> 
     </span>
     <span class='ocr_line' id='line_1_9' title="bbox 156 791 1656 848; baseline -0.001 -13"><span class='ocrx_word' id='word_1_61' title='bbox 156 794 271 836; x_wconf 92' lang='lat' dir='ltr'>inter</span> <span class='ocrx_word' id='word_1_62' title='bbox 302 792 415 836; x_wconf 88' lang='lat' dir='ltr'>duos</span> <span class='ocrx_word' id='word_1_63' title='bbox 446 806 629 848; x_wconf 88' lang='lat' dir='ltr'>magnos</span> <span class='ocrx_word' id='word_1_64' title='bbox 661 791 807 835; x_wconf 85' lang='lat' dir='ltr'>oculos</span> <span class='ocrx_word' id='word_1_65' title='bbox 829 792 1029 835; x_wconf 89' lang='lat' dir='ltr'>Bacchus</span> <span class='ocrx_word' id='word_1_66' title='bbox 1061 796 1130 836; x_wconf 90' lang='lat' dir='ltr'>est</span> <span class='ocrx_word' id='word_1_67' title='bbox 1149 792 1400 846; x_wconf 87' lang='lat' dir='ltr'>hederatus,</span> <span class='ocrx_word' id='word_1_68' title='bbox 1431 792 1656 845; x_wconf 88' lang='lat' dir='ltr'>barbatus,</span> 
     </span>
     <span class='ocr_line' id='line_1_10' title="bbox 157 865 1658 924; baseline 0.001 -13"><span class='ocrx_word' id='word_1_69' title='bbox 157 868 299 924; x_wconf 87' lang='lat' dir='ltr'>longis</span> <span class='ocrx_word' id='word_1_70' title='bbox 343 867 552 911; x_wconf 81' lang='lat' dir='ltr'>cincinnis</span> <span class='ocrx_word' id='word_1_71' title='bbox 600 871 806 920; x_wconf 88' lang='lat' dir='ltr'>ornatus,</span> <span class='ocrx_word' id='word_1_72' title='bbox 849 865 977 923; x_wconf 87' lang='lat' dir='ltr'>longo</span> <span class='ocrx_word' id='word_1_73' title='bbox 1021 866 1193 911; x_wconf 89' lang='lat' dir='ltr'>chitone</span> <span class='ocrx_word' id='word_1_74' title='bbox 1232 866 1434 922; x_wconf 91' lang='lat' dir='ltr'>indutus,</span> <span class='ocrx_word' id='word_1_75' title='bbox 1475 867 1658 912; x_wconf 83' lang='lat' dir='ltr'>dextera</span> 
     </span>
     <span class='ocr_line' id='line_1_11' title="bbox 160 942 1657 999; baseline 0 -14"><span class='ocrx_word' id='word_1_76' title='bbox 160 957 365 998; x_wconf 88' lang='lat' dir='ltr'>magnum</span> <span class='ocrx_word' id='word_1_77' title='bbox 397 943 646 998; x_wconf 83' lang='lat' dir='ltr'>palmitem,</span> <span class='ocrx_word' id='word_1_78' title='bbox 686 942 866 999; x_wconf 75' lang='lat' dir='ltr'>sinistra</span> <span class='ocrx_word' id='word_1_79' title='bbox 896 943 1154 985; x_wconf 88' lang='lat' dir='ltr'>cantharum</span> <span class='ocrx_word' id='word_1_80' title='bbox 1185 957 1364 999; x_wconf 85' lang='lat' dir='ltr'>gerens,</span> <span class='ocrx_word' id='word_1_81' title='bbox 1396 948 1498 987; x_wconf 87' lang='lat' dir='ltr'>ante</span> <span class='ocrx_word' id='word_1_82' title='bbox 1529 957 1657 999; x_wconf 88' lang='lat' dir='ltr'>quem</span> 
     </span>
     <span class='ocr_line' id='line_1_12' title="bbox 159 1015 1656 1075; baseline 0.001 -14"><span class='ocrx_word' id='word_1_83' title='bbox 159 1017 281 1062; x_wconf 84' lang='lat' dir='ltr'>sedet</span> <span class='ocrx_word' id='word_1_84' title='bbox 303 1016 512 1061; x_wconf 83' lang='lat' dir='ltr'>adversus</span> <span class='ocrx_word' id='word_1_85' title='bbox 534 1016 602 1061; x_wconf 92' lang='lat' dir='ltr'>leo</span> <span class='ocrx_word' id='word_1_86' title='bbox 623 1015 823 1062; x_wconf 86' lang='lat' dir='ltr'>faucibus</span> <span class='ocrx_word' id='word_1_87' title='bbox 844 1017 1029 1074; x_wconf 88' lang='lat' dir='ltr'>apertis;</span> <span class='ocrx_word' id='word_1_88' title='bbox 1061 1031 1203 1074; x_wconf 89' lang='lat' dir='ltr'>porr0,</span> <span class='ocrx_word' id='word_1_89' title='bbox 1226 1018 1477 1063; x_wconf 88' lang='lat' dir='ltr'>intermisso</span> <span class='ocrx_word' id='word_1_90' title='bbox 1498 1033 1656 1075; x_wconf 86' lang='lat' dir='ltr'>magno</span> 
     </span>
     <span class='ocr_line' id='line_1_13' title="bbox 160 1092 1657 1150; baseline -0.001 -14"><span class='ocrx_word' id='word_1_91' title='bbox 160 1092 303 1146; x_wconf 93' lang='lat' dir='ltr'>oculo,</span> <span class='ocrx_word' id='word_1_92' title='bbox 345 1092 529 1149; x_wconf 81' lang='lat' dir='ltr'>Satyrus</span> <span class='ocrx_word' id='word_1_93' title='bbox 570 1106 704 1136; x_wconf 86' lang='lat' dir='ltr'>senex</span> <span class='ocrx_word' id='word_1_94' title='bbox 746 1097 845 1136; x_wconf 88' lang='lat' dir='ltr'>utre</span> <span class='ocrx_word' id='word_1_95' title='bbox 883 1093 1047 1136; x_wconf 85' lang='lat' dir='ltr'>vinario</span> <span class='ocrx_word' id='word_1_96' title='bbox 1090 1094 1308 1150; x_wconf 88' lang='lat' dir='ltr'>portando</span> <span class='ocrx_word' id='word_1_97' title='bbox 1352 1093 1536 1138; x_wconf 85' lang='lat' dir='ltr'>laborat.</span> <span class='ocrx_word' id='word_1_98' title='bbox 1611 1092 1657 1136; x_wconf 91' lang='lat' dir='ltr'>Si</span> 
     </span>
     <span class='ocr_line' id='line_1_14' title="bbox 164 1168 1657 1226; baseline 0 -15"><span class='ocrx_word' id='word_1_99' title='bbox 164 1169 365 1213; x_wconf 85' lang='lat' dir='ltr'>habenda</span> <span class='ocrx_word' id='word_1_100' title='bbox 403 1173 469 1213; x_wconf 88' lang='lat' dir='ltr'>est</span> <span class='ocrx_word' id='word_1_101' title='bbox 504 1168 613 1213; x_wconf 87' lang='lat' dir='ltr'>fides</span> <span class='ocrx_word' id='word_1_102' title='bbox 653 1168 934 1213; x_wconf 88' lang='lat' dir='ltr'>delineationi</span> <span class='ocrx_word' id='word_1_103' title='bbox 971 1168 1238 1225; x_wconf 86' lang='lat' dir='ltr'>Gerhardi¹),</span> <span class='ocrx_word' id='word_1_104' title='bbox 1277 1170 1450 1226; x_wconf 88' lang='lat' dir='ltr'>pictura</span> <span class='ocrx_word' id='word_1_105' title='bbox 1486 1170 1532 1213; x_wconf 89' lang='lat' dir='ltr'>in</span> <span class='ocrx_word' id='word_1_106' title='bbox 1574 1169 1657 1212; x_wconf 92' lang='lat' dir='ltr'>hoc</span> 
     </span>
     <span class='ocr_line' id='line_1_15' title="bbox 159 1243 1660 1301; baseline 0.001 -14"><span class='ocrx_word' id='word_1_107' title='bbox 159 1258 264 1289; x_wconf 86' lang='lat' dir='ltr'>vase</span> <span class='ocrx_word' id='word_1_108' title='bbox 290 1244 526 1301; x_wconf 88' lang='lat' dir='ltr'>Vulcejano</span> <span class='ocrx_word' id='word_1_109' title='bbox 550 1249 618 1289; x_wconf 89' lang='lat' dir='ltr'>est</span> <span class='ocrx_word' id='word_1_110' title='bbox 638 1243 911 1297; x_wconf 87' lang='lat' dir='ltr'>archaistica,</span> <span class='ocrx_word' id='word_1_111' title='bbox 942 1244 1201 1300; x_wconf 87' lang='lat' dir='ltr'>praesertim</span> <span class='ocrx_word' id='word_1_112' title='bbox 1235 1259 1332 1288; x_wconf 88' lang='lat' dir='ltr'>cum</span> <span class='ocrx_word' id='word_1_113' title='bbox 1354 1245 1497 1289; x_wconf 89' lang='lat' dir='ltr'>leonis</span> <span class='ocrx_word' id='word_1_114' title='bbox 1519 1244 1660 1301; x_wconf 85' lang='lat' dir='ltr'>figura</span> 
     </span>
     <span class='ocr_line' id='line_1_16' title="bbox 163 1319 1660 1376; baseline -0.001 -13"><span class='ocrx_word' id='word_1_115' title='bbox 163 1321 254 1363; x_wconf 84' lang='lat' dir='ltr'>fere</span> <span class='ocrx_word' id='word_1_116' title='bbox 286 1325 499 1374; x_wconf 84' lang='lat' dir='ltr'>congruat</span> <span class='ocrx_word' id='word_1_117' title='bbox 531 1333 628 1362; x_wconf 92' lang='lat' dir='ltr'>cum</span> <span class='ocrx_word' id='word_1_118' title='bbox 655 1319 805 1362; x_wconf 87' lang='lat' dir='ltr'>bestiis</span> <span class='ocrx_word' id='word_1_119' title='bbox 840 1320 884 1361; x_wconf 91' lang='lat' dir='ltr'>in</span> <span class='ocrx_word' id='word_1_120' title='bbox 923 1320 1110 1363; x_wconf 88' lang='lat' dir='ltr'>vasculis</span> <span class='ocrx_word' id='word_1_121' title='bbox 1141 1325 1384 1376; x_wconf 90' lang='lat' dir='ltr'>temporum</span> <span class='ocrx_word' id='word_1_122' title='bbox 1413 1320 1660 1375; x_wconf 89' lang='lat' dir='ltr'>antiquissi-</span> 
     </span>
     <span class='ocr_line' id='line_1_17' title="bbox 160 1393 1659 1452; baseline -0.001 -14"><span class='ocrx_word' id='word_1_123' title='bbox 160 1409 329 1438; x_wconf 88' lang='lat' dir='ltr'>morum</span> <span class='ocrx_word' id='word_1_124' title='bbox 368 1394 507 1450; x_wconf 87' lang='lat' dir='ltr'>pictis.</span> <span class='ocrx_word' id='word_1_125' title='bbox 555 1419 604 1425; x_wconf 89' lang='lat'>—</span> <span class='ocrx_word' id='word_1_126' title='bbox 646 1393 716 1439; x_wconf 85' lang='lat' dir='ltr'>CC</span> <span class='ocrx_word' id='word_1_127' title='bbox 756 1394 929 1437; x_wconf 91' lang='lat' dir='ltr'>unicum</span> <span class='ocrx_word' id='word_1_128' title='bbox 970 1408 1046 1437; x_wconf 87' lang='lat' dir='ltr'>vas</span> <span class='ocrx_word' id='word_1_129' title='bbox 1085 1399 1153 1438; x_wconf 90' lang='lat' dir='ltr'>est</span> <span class='ocrx_word' id='word_1_130' title='bbox 1190 1396 1392 1452; x_wconf 84' lang='lat' dir='ltr'>(excepto</span> <span class='ocrx_word' id='word_1_131' title='bbox 1423 1394 1483 1452; x_wconf 93' lang='lat' dir='ltr'>B)</span> <span class='ocrx_word' id='word_1_132' title='bbox 1523 1394 1659 1451; x_wconf 90' lang='lat' dir='ltr'>nigris</span> 
     </span>
     <span class='ocr_line' id='line_1_18' title="bbox 161 1468 1686 1526; baseline 0.002 -15"><span class='ocrx_word' id='word_1_133' title='bbox 161 1469 312 1524; x_wconf 86' lang='lat' dir='ltr'>figuris</span> <span class='ocrx_word' id='word_1_134' title='bbox 356 1473 578 1522; x_wconf 85' lang='lat' dir='ltr'>ornatum,</span> <span class='ocrx_word' id='word_1_135' title='bbox 621 1468 695 1511; x_wconf 92' lang='lat' dir='ltr'>ubi</span> <span class='ocrx_word' id='word_1_136' title='bbox 733 1469 917 1526; x_wconf 84' lang='lat' dir='ltr'>Satyrus</span> <span class='ocrx_word' id='word_1_137' title='bbox 956 1469 1073 1512; x_wconf 90' lang='lat' dir='ltr'>tibiis</span> <span class='ocrx_word' id='word_1_138' title='bbox 1114 1483 1276 1513; x_wconf 88' lang='lat' dir='ltr'>canens</span> <span class='ocrx_word' id='word_1_139' title='bbox 1311 1471 1567 1514; x_wconf 87' lang='lat' dir='ltr'>inveniatur.</span> <span class='ocrx_word' id='word_1_140' title='bbox 1603 1482 1686 1500; x_wconf 81' lang='lat'>-‘</span> 
     </span>
     <span class='ocr_line' id='line_1_19' title="bbox 163 1544 1658 1603; baseline 0.001 -15"><span class='ocrx_word' id='word_1_141' title='bbox 163 1545 383 1601; x_wconf 87' lang='lat' dir='ltr'>Amphora</span> <span class='ocrx_word' id='word_1_142' title='bbox 414 1546 611 1590; x_wconf 83' lang='lat' dir='ltr'>Cumana</span> <span class='ocrx_word' id='word_1_143' title='bbox 640 1545 727 1591; x_wconf 78' lang='lat' dir='ltr'>DI)</span> <span class='ocrx_word' id='word_1_144' title='bbox 759 1544 816 1589; x_wconf 87' lang='lat' dir='ltr'>ab</span> <span class='ocrx_word' id='word_1_145' title='bbox 855 1545 953 1589; x_wconf 88' lang='lat' dir='ltr'>aliis</span> <span class='ocrx_word' id='word_1_146' title='bbox 983 1544 1201 1597; x_wconf 88' lang='lat' dir='ltr'>abhorret,</span> <span class='ocrx_word' id='word_1_147' title='bbox 1246 1545 1365 1601; x_wconf 88' lang='lat' dir='ltr'>quod</span> <span class='ocrx_word' id='word_1_148' title='bbox 1404 1546 1658 1603; x_wconf 71' lang='lat' dir='ltr'>Vulcanum,</span> 
     </span>
     <span class='ocr_line' id='line_1_20' title="bbox 162 1619 1657 1677; baseline -0.001 -13"><span class='ocrx_word' id='word_1_149' title='bbox 162 1622 237 1677; x_wconf 83' lang='lat' dir='ltr'>qui</span> <span class='ocrx_word' id='word_1_150' title='bbox 268 1621 443 1676; x_wconf 90' lang='lat' dir='ltr'>quidem</span> <span class='ocrx_word' id='word_1_151' title='bbox 471 1620 631 1664; x_wconf 90' lang='lat' dir='ltr'>malleo</span> <span class='ocrx_word' id='word_1_152' title='bbox 663 1620 885 1663; x_wconf 85' lang='lat' dir='ltr'>evidenter</span> <span class='ocrx_word' id='word_1_153' title='bbox 927 1619 1197 1676; x_wconf 87' lang='lat' dir='ltr'>significatus</span> <span class='ocrx_word' id='word_1_154' title='bbox 1229 1624 1312 1672; x_wconf 87' lang='lat' dir='ltr'>est,</span> <span class='ocrx_word' id='word_1_155' title='bbox 1354 1624 1481 1663; x_wconf 89' lang='lat' dir='ltr'>tauro</span> <span class='ocrx_word' id='word_1_156' title='bbox 1522 1620 1657 1676; x_wconf 93' lang='lat' dir='ltr'>impo-</span> 
     </span>
     <span class='ocr_line' id='line_1_21' title="bbox 161 1695 1661 1752; baseline -0.001 -12"><span class='ocrx_word' id='word_1_157' title='bbox 161 1698 292 1740; x_wconf 88' lang='lat' dir='ltr'>situm</span> <span class='ocrx_word' id='word_1_158' title='bbox 323 1697 523 1752; x_wconf 90' lang='lat' dir='ltr'>praebet;</span> <span class='ocrx_word' id='word_1_159' title='bbox 561 1702 660 1752; x_wconf 88' lang='lat' dir='ltr'>post</span> <span class='ocrx_word' id='word_1_160' title='bbox 703 1710 801 1740; x_wconf 90' lang='lat' dir='ltr'>eum</span> <span class='ocrx_word' id='word_1_161' title='bbox 840 1696 1021 1751; x_wconf 86' lang='lat' dir='ltr'>Satyrus</span> <span class='ocrx_word' id='word_1_162' title='bbox 1061 1700 1146 1747; x_wconf 88' lang='lat' dir='ltr'>est,</span> <span class='ocrx_word' id='word_1_163' title='bbox 1185 1695 1297 1740; x_wconf 87' lang='lat' dir='ltr'>alter</span> <span class='ocrx_word' id='word_1_164' title='bbox 1334 1696 1515 1751; x_wconf 86' lang='lat' dir='ltr'>Satyrus</span> <span class='ocrx_word' id='word_1_165' title='bbox 1557 1700 1661 1739; x_wconf 89' lang='lat' dir='ltr'>ante</span> 
     </span>
     <span class='ocr_line' id='line_1_22' title="bbox 162 1768 1660 1826; baseline -0.001 -13"><span class='ocrx_word' id='word_1_166' title='bbox 162 1778 335 1814; x_wconf 86' lang='lat' dir='ltr'>taurum</span> <span class='ocrx_word' id='word_1_167' title='bbox 365 1771 485 1813; x_wconf 87' lang='lat' dir='ltr'>humi</span> <span class='ocrx_word' id='word_1_168' title='bbox 515 1774 762 1826; x_wconf 88' lang='lat' dir='ltr'>prostratus</span> <span class='ocrx_word' id='word_1_169' title='bbox 794 1784 928 1813; x_wconf 91' lang='lat' dir='ltr'>cornu</span> <span class='ocrx_word' id='word_1_170' title='bbox 952 1774 1083 1812; x_wconf 85' lang='lat' dir='ltr'>tenet.</span> <span class='ocrx_word' id='word_1_171' title='bbox 1143 1768 1310 1812; x_wconf 91' lang='lat' dir='ltr'>Mulum</span> <span class='ocrx_word' id='word_1_172' title='bbox 1330 1775 1477 1814; x_wconf 88' lang='lat' dir='ltr'>autem</span> <span class='ocrx_word' id='word_1_173' title='bbox 1498 1770 1660 1813; x_wconf 88' lang='lat' dir='ltr'>Bacchi</span> 
     </span>
     <span class='ocr_line' id='line_1_23' title="bbox 161 1844 1658 1901; baseline -0.001 -13"><span class='ocrx_word' id='word_1_174' title='bbox 161 1846 204 1888; x_wconf 91' lang='lat' dir='ltr'>in</span> <span class='ocrx_word' id='word_1_175' title='bbox 237 1846 423 1890; x_wconf 90' lang='lat' dir='ltr'>adverso</span> <span class='ocrx_word' id='word_1_176' title='bbox 462 1846 697 1901; x_wconf 86' lang='lat' dir='ltr'>amphorae</span> <span class='ocrx_word' id='word_1_177' title='bbox 738 1844 877 1889; x_wconf 88' lang='lat' dir='ltr'>latere</span> <span class='ocrx_word' id='word_1_178' title='bbox 913 1845 1221 1901; x_wconf 88' lang='lat' dir='ltr'>conspicimus,</span> <span class='ocrx_word' id='word_1_179' title='bbox 1259 1845 1306 1887; x_wconf 90' lang='lat' dir='ltr'>in</span> <span class='ocrx_word' id='word_1_180' title='bbox 1343 1859 1429 1900; x_wconf 93' lang='lat' dir='ltr'>quo</span> <span class='ocrx_word' id='word_1_181' title='bbox 1459 1844 1658 1888; x_wconf 88' lang='lat' dir='ltr'>Bacchus</span> 
     </span>
     <span class='ocr_line' id='line_1_24' title="bbox 161 1919 1659 1976; baseline -0.001 -14"><span class='ocrx_word' id='word_1_182' title='bbox 161 1922 252 1976; x_wconf 88' lang='lat' dir='ltr'>ipse</span> <span class='ocrx_word' id='word_1_183' title='bbox 293 1921 417 1964; x_wconf 88' lang='lat' dir='ltr'>sedet</span> <span class='ocrx_word' id='word_1_184' title='bbox 456 1921 524 1963; x_wconf 89' lang='lat' dir='ltr'>vel</span> <span class='ocrx_word' id='word_1_185' title='bbox 563 1920 705 1976; x_wconf 89' lang='lat' dir='ltr'>potius</span> <span class='ocrx_word' id='word_1_186' title='bbox 746 1920 927 1975; x_wconf 90' lang='lat' dir='ltr'>pedibus</span> <span class='ocrx_word' id='word_1_187' title='bbox 969 1920 1309 1975; x_wconf 85' lang='lat' dir='ltr'>dependentibus</span> <span class='ocrx_word' id='word_1_188' title='bbox 1340 1919 1575 1976; x_wconf 89' lang='lat' dir='ltr'>procubuit</span> <span class='ocrx_word' id='word_1_189' title='bbox 1612 1922 1659 1961; x_wconf 88' lang='lat' dir='ltr'>et</span> 
     </span>
     <span class='ocr_line' id='line_1_25' title="bbox 162 1995 1659 2054; baseline -0.001 -15"><span class='ocrx_word' id='word_1_190' title='bbox 162 1996 361 2039; x_wconf 79' lang='lat' dir='ltr'>inanibus</span> <span class='ocrx_word' id='word_1_191' title='bbox 392 1996 606 2052; x_wconf 89' lang='lat' dir='ltr'>porrectis</span> <span class='ocrx_word' id='word_1_192' title='bbox 638 2001 780 2040; x_wconf 90' lang='lat' dir='ltr'>utrem</span> <span class='ocrx_word' id='word_1_193' title='bbox 808 1996 1019 2040; x_wconf 82' lang='lat' dir='ltr'>vinarium</span> <span class='ocrx_word' id='word_1_194' title='bbox 1057 2012 1084 2040; x_wconf 86' lang='lat' dir='ltr'>a</span> <span class='ocrx_word' id='word_1_195' title='bbox 1116 1996 1272 2054; x_wconf 86' lang='lat' dir='ltr'>Satyro</span> <span class='ocrx_word' id='word_1_196' title='bbox 1310 1995 1505 2041; x_wconf 86' lang='lat' dir='ltr'>oblatum</span> <span class='ocrx_word' id='word_1_197' title='bbox 1543 2008 1659 2048; x_wconf 84' lang='lat' dir='ltr'>com-</span> 
     </span>
     <span class='ocr_line' id='line_1_26' title="bbox 161 2071 1661 2127; baseline -0.001 -13"><span class='ocrx_word' id='word_1_198' title='bbox 161 2072 406 2127; x_wconf 89' lang='lat' dir='ltr'>prehendit.</span> <span class='ocrx_word' id='word_1_199' title='bbox 477 2072 643 2123; x_wconf 84' lang='lat' dir='ltr'>Quibus</span> <span class='ocrx_word' id='word_1_200' title='bbox 682 2071 834 2127; x_wconf 86' lang='lat' dir='ltr'>figuris</span> <span class='ocrx_word' id='word_1_201' title='bbox 873 2072 1071 2116; x_wconf 86' lang='lat' dir='ltr'>reductio</span> <span class='ocrx_word' id='word_1_202' title='bbox 1110 2072 1291 2116; x_wconf 89' lang='lat' dir='ltr'>Vulcani</span> <span class='ocrx_word' id='word_1_203' title='bbox 1334 2072 1431 2127; x_wconf 88' lang='lat' dir='ltr'>ipsa</span> <span class='ocrx_word' id='word_1_204' title='bbox 1469 2084 1554 2114; x_wconf 92' lang='lat' dir='ltr'>non</span> <span class='ocrx_word' id='word_1_205' title='bbox 1596 2084 1661 2112; x_wconf 85' lang='lat' dir='ltr'>re-</span> 
     </span>
     <span class='ocr_line' id='line_1_27' title="bbox 162 2144 1659 2204; baseline -0.002 -14"><span class='ocrx_word' id='word_1_206' title='bbox 162 2151 481 2204; x_wconf 82' lang='lat' dir='ltr'>praesentatur,</span> <span class='ocrx_word' id='word_1_207' title='bbox 513 2152 706 2192; x_wconf 86' lang='lat' dir='ltr'>attamen</span> <span class='ocrx_word' id='word_1_208' title='bbox 736 2149 909 2204; x_wconf 88' lang='lat' dir='ltr'>pictura</span> <span class='ocrx_word' id='word_1_209' title='bbox 939 2150 1021 2192; x_wconf 89' lang='lat' dir='ltr'>boc</span> <span class='ocrx_word' id='word_1_210' title='bbox 1050 2149 1145 2192; x_wconf 94' lang='lat' dir='ltr'>loco</span> <span class='ocrx_word' id='word_1_211' title='bbox 1176 2146 1398 2191; x_wconf 87' lang='lat' dir='ltr'>laudanda</span> <span class='ocrx_word' id='word_1_212' title='bbox 1429 2149 1507 2190; x_wconf 89' lang='lat' dir='ltr'>est.</span> <span class='ocrx_word' id='word_1_213' title='bbox 1561 2144 1659 2188; x_wconf 87' lang='lat' dir='ltr'>Stili</span> 
     </span>
     <span class='ocr_line' id='line_1_28' title="bbox 163 2220 1660 2279; baseline -0.002 -13"><span class='ocrx_word' id='word_1_214' title='bbox 163 2223 304 2266; x_wconf 82' lang='lat' dir='ltr'>severi</span> <span class='ocrx_word' id='word_1_215' title='bbox 334 2223 546 2267; x_wconf 87' lang='lat' dir='ltr'>rationem</span> <span class='ocrx_word' id='word_1_216' title='bbox 568 2222 781 2266; x_wconf 86' lang='lat' dir='ltr'>habentes</span> <span class='ocrx_word' id='word_1_217' title='bbox 803 2223 1027 2266; x_wconf 89' lang='lat' dir='ltr'>vasculum</span> <span class='ocrx_word' id='word_1_218' title='bbox 1048 2223 1318 2279; x_wconf 88' lang='lat' dir='ltr'>temporibus</span> <span class='ocrx_word' id='word_1_219' title='bbox 1347 2220 1660 2277; x_wconf 86' lang='lat' dir='ltr'>antiquissimis</span> 
     </span>
     <span class='ocr_line' id='line_1_29' title="bbox 162 2295 1660 2355; baseline -0.001 -14"><span class='ocrx_word' id='word_1_220' title='bbox 162 2297 355 2342; x_wconf 87' lang='lat' dir='ltr'>tribuere</span> <span class='ocrx_word' id='word_1_221' title='bbox 385 2297 607 2354; x_wconf 86' lang='lat' dir='ltr'>debemus,</span> <span class='ocrx_word' id='word_1_222' title='bbox 638 2312 770 2354; x_wconf 90' lang='lat' dir='ltr'>quam</span> <span class='ocrx_word' id='word_1_223' title='bbox 802 2298 859 2343; x_wconf 93' lang='lat' dir='ltr'>ob</span> <span class='ocrx_word' id='word_1_224' title='bbox 889 2312 981 2343; x_wconf 88' lang='lat' dir='ltr'>rem</span> <span class='ocrx_word' id='word_1_225' title='bbox 1014 2297 1239 2355; x_wconf 89' lang='lat' dir='ltr'>exemplar</span> <span class='ocrx_word' id='word_1_226' title='bbox 1268 2297 1448 2354; x_wconf 90' lang='lat' dir='ltr'>pictoris</span> <span class='ocrx_word' id='word_1_227' title='bbox 1474 2296 1519 2339; x_wconf 91' lang='lat' dir='ltr'>in</span> <span class='ocrx_word' id='word_1_228' title='bbox 1538 2295 1660 2353; x_wconf 89' lang='lat' dir='ltr'>poesi</span> 
     </span>
     <span class='ocr_line' id='line_1_30' title="bbox 162 2373 1659 2436; baseline -0.001 -19"><span class='ocrx_word' id='word_1_229' title='bbox 162 2373 257 2436; x_wconf 82' lang='lat' dir='ltr'>sola</span> <span class='ocrx_word' id='word_1_230' title='bbox 301 2374 424 2429; x_wconf 87' lang='lat' dir='ltr'>epica</span> <span class='ocrx_word' id='word_1_231' title='bbox 469 2375 777 2431; x_wconf 85' lang='lat' dir='ltr'>requirendum</span> <span class='ocrx_word' id='word_1_232' title='bbox 824 2378 901 2417; x_wconf 90' lang='lat' dir='ltr'>est.</span> <span class='ocrx_word' id='word_1_233' title='bbox 973 2373 1263 2418; x_wconf 91' lang='lat' dir='ltr'>Nihilominus</span> <span class='ocrx_word' id='word_1_234' title='bbox 1308 2373 1518 2429; x_wconf 90' lang='lat' dir='ltr'>pictorem</span> <span class='ocrx_word' id='word_1_235' title='bbox 1562 2386 1659 2415; x_wconf 92' lang='lat' dir='ltr'>cum</span> 
     </span>
    </p>
   </div>
   <div class='ocr_carea' id='block_1_3' title="bbox 232 2464 437 2468">
    <p class='ocr_par' dir='ltr' id='par_1_3' title="bbox 232 2464 437 2468">
     <span class='ocr_line' id='line_1_31' title="bbox 232 2464 437 2468; baseline 0 0"><span class='ocrx_word' id='word_1_236' title='bbox 232 2464 437 2468; x_wconf 95' lang='lat' dir='ltr'> </span> 
     </span>
    </p>
   </div>
   <div class='ocr_carea' id='block_1_4' title="bbox 160 2506 1660 2729">
    <p class='ocr_par' dir='ltr' id='par_1_4' title="bbox 160 2506 1660 2666">
     <span class='ocr_line' id='line_1_32' title="bbox 160 2506 1659 2554; baseline -0.001 -10"><span class='ocrx_word' id='word_1_237' title='bbox 160 2520 273 2554; x_wconf 89' lang='lat' dir='ltr'>sopra</span> <span class='ocrx_word' id='word_1_238' title='bbox 295 2507 469 2544; x_wconf 86' lang='lat' dir='ltr'>itifallico</span> <span class='ocrx_word' id='word_1_239' title='bbox 495 2508 598 2543; x_wconf 91' lang='lat' dir='ltr'>mulo</span> <span class='ocrx_word' id='word_1_240' title='bbox 624 2513 683 2544; x_wconf 87' lang='lat' dir='ltr'>tra</span> <span class='ocrx_word' id='word_1_241' title='bbox 708 2508 781 2543; x_wconf 89' lang='lat' dir='ltr'>due</span> <span class='ocrx_word' id='word_1_242' title='bbox 805 2508 957 2543; x_wconf 85' lang='lat' dir='ltr'>menadi</span> <span class='ocrx_word' id='word_1_243' title='bbox 981 2520 1002 2543; x_wconf 88' lang='lat' dir='ltr'>e</span> <span class='ocrx_word' id='word_1_244' title='bbox 1027 2508 1101 2543; x_wconf 90' lang='lat' dir='ltr'>due</span> <span class='ocrx_word' id='word_1_245' title='bbox 1125 2507 1248 2552; x_wconf 88' lang='lat' dir='ltr'>satyri.</span> <span class='ocrx_word' id='word_1_246' title='bbox 1277 2507 1320 2550; x_wconf 93' lang='lat' dir='ltr'>b)</span> <span class='ocrx_word' id='word_1_247' title='bbox 1347 2507 1469 2542; x_wconf 88' lang='lat' dir='ltr'>Bacco</span> <span class='ocrx_word' id='word_1_248' title='bbox 1499 2506 1659 2542; x_wconf 87' lang='lat' dir='ltr'>barbato</span> 
     </span>
     <span class='ocr_line' id='line_1_33' title="bbox 160 2563 1660 2613; baseline -0.002 -10"><span class='ocrx_word' id='word_1_249' title='bbox 160 2577 233 2603; x_wconf 92' lang='lat' dir='ltr'>con</span> <span class='ocrx_word' id='word_1_250' title='bbox 252 2577 368 2603; x_wconf 87' lang='lat' dir='ltr'>corno</span> <span class='ocrx_word' id='word_1_251' title='bbox 395 2566 548 2613; x_wconf 84' lang='lat' dir='ltr'>potorio</span> <span class='ocrx_word' id='word_1_252' title='bbox 572 2565 671 2603; x_wconf 83' lang='lat' dir='ltr'>nelle</span> <span class='ocrx_word' id='word_1_253' title='bbox 695 2566 797 2603; x_wconf 89' lang='lat' dir='ltr'>mani</span> <span class='ocrx_word' id='word_1_254' title='bbox 835 2578 856 2602; x_wconf 92' lang='lat' dir='ltr'>e</span> <span class='ocrx_word' id='word_1_255' title='bbox 888 2565 1021 2602; x_wconf 86' lang='lat' dir='ltr'>tralcio</span> <span class='ocrx_word' id='word_1_256' title='bbox 1057 2565 1181 2602; x_wconf 87' lang='lat' dir='ltr'>carico</span> <span class='ocrx_word' id='word_1_257' title='bbox 1221 2564 1347 2609; x_wconf 87' lang='lat' dir='ltr'>d&#39;uva,</span> <span class='ocrx_word' id='word_1_258' title='bbox 1383 2563 1601 2611; x_wconf 87' lang='lat' dir='ltr'>dirimpetto</span> <span class='ocrx_word' id='word_1_259' title='bbox 1638 2577 1660 2600; x_wconf 85' lang='lat' dir='ltr'>a</span> 
     </span>
     <span class='ocr_line' id='line_1_34' title="bbox 161 2622 1382 2666; baseline -0.003 -5"><span class='ocrx_word' id='word_1_260' title='bbox 161 2626 288 2661; x_wconf 87' lang='lat' dir='ltr'>donna</span> <span class='ocrx_word' id='word_1_261' title='bbox 310 2624 446 2666; x_wconf 79' lang='lat' dir='ltr'>velata,</span> <span class='ocrx_word' id='word_1_262' title='bbox 474 2624 495 2659; x_wconf 76' lang='grc' dir='ltr'>ὲ</span> <span class='ocrx_word' id='word_1_263' title='bbox 520 2625 737 2661; x_wconf 88' lang='lat' dir='ltr'>circondato</span> <span class='ocrx_word' id='word_1_264' title='bbox 763 2625 812 2660; x_wconf 86' lang='lat' dir='ltr'>da</span> <span class='ocrx_word' id='word_1_265' title='bbox 836 2625 1026 2660; x_wconf 84' lang='lat' dir='ltr'>Baccante</span> <span class='ocrx_word' id='word_1_266' title='bbox 1052 2636 1073 2659; x_wconf 90' lang='lat' dir='ltr'>e</span> <span class='ocrx_word' id='word_1_267' title='bbox 1098 2624 1172 2659; x_wconf 89' lang='lat' dir='ltr'>due</span> <span class='ocrx_word' id='word_1_268' title='bbox 1196 2622 1312 2658; x_wconf 85' lang='lat' dir='ltr'>satiri.</span> <span class='ocrx_word' id='word_1_269' title='bbox 1338 2642 1382 2648; x_wconf 97' lang='lat'><strong>—</strong></span> 
     </span>
    </p>

    <p class='ocr_par' dir='ltr' id='par_1_5' title="bbox 257 2682 893 2729">
     <span class='ocr_line' id='line_1_35' title="bbox 257 2682 893 2729; baseline -0.005 -9"><span class='ocrx_word' id='word_1_270' title='bbox 257 2685 290 2729; x_wconf 88' lang='lat'>1)</span> <span class='ocrx_word' id='word_1_271' title='bbox 314 2684 500 2721; x_wconf 87' lang='lat' dir='ltr'>Auserles.</span> <span class='ocrx_word' id='word_1_272' title='bbox 527 2683 687 2720; x_wconf 80' lang='lat' dir='ltr'>Vasenb.</span> <span class='ocrx_word' id='word_1_273' title='bbox 714 2682 741 2728; x_wconf 92' lang='lat' dir='ltr'>I,</span> <span class='ocrx_word' id='word_1_274' title='bbox 766 2683 822 2719; x_wconf 84' lang='lat'>38.</span> <span class='ocrx_word' id='word_1_275' title='bbox 848 2700 893 2707; x_wconf 90' lang='lat'><em>—</em></span> 
     </span>
    </p>
   </div>
  </div>
 </body>
</html>
