1920 3216
215 278 429 334 picturam
445 282 694 323 accuratam
711 278 920 335 praebere
942 278 1383 335 repraesentationem
1400 275 1491 320 ludi
1515 275 1701 320 scaenici

214 353 332 399 inter
363 367 513 397 omnes
544 354 854 410 archaeologos
885 357 1069 396 constat.
1114 378 1153 383 —

332 428 399 471 Ex
429 429 628 472 omnibus
657 428 789 483 igitur
819 427 1001 482 picturis
1032 428 1214 470 vasariis
1245 426 1488 482 majoribus·
1518 439 1606 468 una
1638 431 1704 468 est

216 501 340 556 cujus
379 500 541 544 fontem
579 501 794 557 poeticum
832 502 1039 557 indagare
1076 501 1265 546 nondum
1310 501 1429 556 potui
1468 498 1595 554 (00).
1658 498 1704 542 Si

215 575 349 618 totius
380 576 578 631 picturae
617 576 971 632 compositionem
1009 574 1284 633 respicimus,
1320 576 1489 619 videtur
1528 574 1585 618 ad
1625 588 1702 616 nu-

217 650 425 693 meranda
455 648 531 695 00
560 651 625 701 iis,
656 651 699 693 in
732 651 887 707 quibus
920 651 999 710 (Β,
1031 652 1084 709 C,
1115 650 1217 708 BB,
1249 649 1338 706 CC,
1369 649 1412 704 1,
1443 649 1506 705 K,
1537 649 1597 704 L)
1636 650 1703 704 pi⁴
1744 662 1747 664 ·

215 728 357 767 ctores
379 724 517 768 secuti
533 730 635 768 sunt
654 730 807 781 poetas
824 727 983 783 epicos,
1004 727 1070 770 sin
1092 730 1240 771 autem
1261 724 1473 769 rationem
1495 723 1702 767 habemus

207 798 460 862 schematis,
492 799 609 856 quod
639 800 683 842 in
714 801 888 844 Baccho
920 801 1040 845 ebrio
1073 804 1118 845 et
1147 815 1175 844 a
1195 800 1349 857 Satyro
1379 803 1572 842 sustento
1602 812 1703 840 con·

215 875 407 930 spicitur‚
421 889 474 917 ne
492 889 674 919 scaenae
694 876 868 931 quidem
884 877 1069 920 imitatio
1091 875 1306 933 quaedam
1324 874 1457 919 abnui
1473 878 1630 930 potest.
1647 898 1703 904 —-

332 948 497 1002 Quibus
528 951 734 1006 expositis
764 950 962 995 omnibus
1004 955 1187 1007 apparet
1222 950 1413 994 nondum
1454 963 1600 992 omnes
1638 949 1702 1005 pi-

214 1028 360 1067 cturas
391 1039 608 1077 vasorum,
639 1039 747 1080 quas
779 1040 912 1081 supra
942 1026 1207 1077 enumeravi,
1239 1025 1293 1069 ad
1326 1025 1471 1068 fontes
1501 1024 1629 1080 plane
1660 1028 1703 1067 et

214 1102 337 1141 certo
368 1098 531 1144 relatas
563 1114 669 1144 esse.
729 1100 917 1144 Maxime
947 1104 1094 1143 autem
1127 1099 1370 1144 adhibenda
1390 1103 1458 1143 est
1478 1099 1703 1155 diligentia

212 1175 257 1215 in
286 1176 632 1229 perscrutatione
672 1176 850 1218 tabulae
889 1176 1067 1217 Athenis
1100 1176 1144 1217 in
1170 1175 1332 1229 templo
1362 1174 1525 1217 Bacchi
1545 1175 1702 1228 pictae,

216 1262 346 1305 quam
378 1254 585 1305 quattuor
616 1254 782 1292 tantum
802 1249 1071 1305 picturarum
1091 1248 1360 1292 vasariarum
1381 1247 1462 1304 (M,
1484 1246 1546 1305 Ν,
1568 1246 1626 1304 0,
1642 1246 1702 1301 P)

213 1322 347 1367 fuisse
390 1326 552 1367 fontem
589 1324 784 1380 equidem
827 1323 932 1367 satis
962 1324 1284 1367 demonstrasse
1324 1323 1427 1365 mihi
1457 1323 1616 1366 videor.
1649 1347 1703 1354 —

332 1398 456 1451 Quod
469 1403 613 1443 autem
629 1399 684 1442 ad
701 1399 968 1455 singularum
983 1399 1221 1456 figurarum
1237 1399 1281 1443 in
1295 1398 1476 1442 vasculis
1492 1398 1702 1454 pictarum

216 1474 374 1517 attinet
403 1474 745 1530 explicationem,
777 1479 866 1518 tres
898 1478 1067 1518 tantum
1098 1478 1201 1517 sunt
1230 1478 1275 1515 et
1304 1487 1382 1517 eae
1403 1473 1628 1517 mutilatae
1657 1474 1702 1516 in

215 1549 389 1592 vasculo
428 1548 538 1604 PP,
584 1548 739 1604 quibus
777 1550 952 1593 nomina
992 1550 1164 1592 omnino
1201 1548 1448 1604 probabilia
1480 1549 1702 1605 imponere

213 1636 300 1666 non
330 1623 461 1679 potui.
522 1622 699 1666 Pictura
735 1623 846 1666 enim
885 1624 1000 1667 vasis
1035 1622 1119 1668 PP
1157 1623 1270 1666 inter
1307 1636 1476 1677 omnes,
1518 1638 1700 1680 quarum

211 1698 306 1753 ipse
337 1698 424 1740 vidi
456 1698 781 1751 delineationes‚
812 1698 1016 1740 notabilis
1039 1702 1118 1747 est,
1150 1698 1408 1752 praesertim
1430 1712 1528 1741 cum
1549 1712 1700 1754 agmen

215 1773 469 1816 bacchicum
508 1788 535 1816 a
565 1773 745 1817 dextera
782 1772 839 1816 ad
875 1773 1096 1823 sinistram
1135 1776 1305 1828 partem
1339 1787 1510 1817 versum
1547 1773 1614 1817 sit.
1647 1800 1697 1805 —
