1920 3216
798 159 1087 199 -45-

200 269 365 325 figurae
404 272 640 328 primariae
684 275 734 315 et
765 271 948 327 Satyrus
991 271 1109 314 tibiis
1154 270 1223 314 vel
1260 269 1366 325 lyra·
1395 283 1573 313 canens:
1616 270 1686 312 hic

200 345 374 402 quidem
419 360 531 390 unus
578 360 632 391 ex
660 345 816 391 thiaso
859 345 1064 390 bacchico
1109 345 1284 390 tabulae
1328 344 1541 397 delectus,
1588 344 1688 387 illae

200 423 434 468 autem'—
465 421 580 478 quod
612 410 774 464 attinet
810 421 867 463 ad
896 410 1093 465 habitum
1125 425 1168 463 et
1196 421 1377 464 alterius
1417 433 1512 461 cum
1549 419 1688 460 altero

202 496 557 551 compositionem
584 520 639 527 ——
670 499 873 538 accurate
905 495 1116 550 depictae.
1148 521 1202 527 --
1234 495 1414 539 Accedit
1443 494 1559 550 quod
1580 494 1688 536 haec

199 569 451 626 conjectura
481 584 508 613 a
537 568 843 626 probabilitate
874 584 960 614 non
977 571 1212 616 abhorret.
1273 569 1382 613 Nam
1424 580 1685 625 quamquam

199 645 278 688 illa
306 649 517 699 quattuor
546 659 654 688 vasa
683 646 840 698 omnia,
871 650 920 689 ut
949 646 1141 701 opinort)
1171 647 1214 688 in
1236 646 1415 688 fabricis
1441 643 1683 686 vernaculis

201 719 381 777 Magnae
413 719 624 765 Graeciae
655 718 800 765 efficta
836 724 955 772 sunt,
990 724 1134 765 tamen
1173 719 1228 764 ab
1267 719 1421 763 Atticis
1462 716 1687 774 opificibus

198 796 242 837 in
272 795 341 838 his
371 795 546 840 fabricis
577 799 732 839 ornata
762 809 857 839 esse
887 800 1079 852 possunt,
1111 797 1187 852 qui
1212 797 1299 839 suis
1321 795 1457 838 oculis
1478 794 1684 849 templum

199 870 371 913 Bacchi·
397 874 441 913 et
479 871 672 925 picturas
707 871 769 913 ibi
807 872 976 927 positas
1006 871 1213 914 viderant.
1275 871 1472 926 Denique
1509 869 1687 924 opifices

198 944 242 988 in
263 944 438 992 fabricis
458 945 612 989 Italiae
632 945 847 1000 inferioris
870 949 914 989 et
934 944 1104 992 Siciliae
1125 944 1389 1001 apographis
1425 943 1681 999 („Copien“)

198 1020 262 1061 uti
292 1025 537 1075 potuerunt.
600 1021 721 1071 Quae
750 1035 820 1064 res
851 1007 947 1063 cum
978 1022 1042 1064 ita
1071 1034 1168 1064 sese
1188 1021 1408 1072 habeant,
1447 1033 1573 1062 nemo
1603 1020 1687 1062 erit

198 1093 271 1150 qui
294 1098 425 1151 neget
444 1095 535 1140 veri
557 1091 700 1139 simile
717 1109 813 1139 esse
833 1096 878 1139 in
899 1095 1086 1140 vasculis
1106 1094 1164 1149 Η,
1186 1094 1246 1149 N,
1270 1094 1321 1153 0,
1345 1094 1387 1139 P
1416 1093 1684 1137 imitationes

199 1169 322 1211 nobis
354 1183 447 1213 esse
470 1174 665 1216 servatas
686 1170 863 1228 tabulae
892 1154 1121 1225 intemplo
1142 1169 1304 1212 Bacchi
1325 1170 1503 1223 positae.
1552 1169 1687 1210 Plura

200 1248 345 1287 autem
378 1236 597 1288 affirmare
628 1245 826 1300 equidem
857 1243 1004 1287 nolim.
1063 1244 1212 1287 Posito
1234 1233 1336 1287 vero
1368 1243 1443 1287 illo
1472 1243 1685 1287 communi

199 1318 354 1359 horum
388 1321 658 1362 vasculorum
690 1321 930 1375 exemplari
959 1320 1253 1374 praedicanda
1292 1325 1336 1361 et
1366 1318 1586 1362 laudanda
1617 1323 1684 1359 est

199 1394 470 1437 vasariorum
502 1409 612 1450 quos
644 1394 834 1438 artifices
866 1395 1089 1442 nominare
1130 1395 1270 1451 possis
1300 1394 1480 1438 libertas
1521 1393 1563 1436 in
1593 1392 1686 1435 imi·

199 1468 333 1510 tando
366 1462 534 1524 magna.
594 1470 742 1512 Primo
770 1470 865 1522 loco
898 1470 952 1512 de
973 1469 1143 1529 Baccho
1171 1470 1347 1524 loquar:
1378 1470 1421 1511 in
1443 1468 1525 1510 hac
1544 1468 1687 1522 figura

197 1543 404 1597 primaria
448 1559 553 1588 vasa
597 1546 784 1589 maxime
828 1545 940 1586 inter
985 1558 1032 1587 se
1078 1548 1342 1600 congruunt;
1388 1544 1433 1586 in
1479 1542 1516 1587 0
1558 1548 1602 1585 et
1642 1541 1685 1587 N

198 1618 432 1661 cantharus
469 1633 496 1662 a
533 1619 706 1663 Baccho
749 1619 901 1662 eodem
941 1605 1068 1662 modo
1106 1623 1296 1670 tenetur,
1335 1618 1380 1661 in
1411 1618 1452 1662 P
1483 1619 1630 1661 vinum
1661 1631 1685 1659 e

197 1693 405 1737 cantharo
437 1694 597 1738 defluit.
657 1694 875 1737 Vulcanus
906 1719 963 1725 —
991 1694 1196 1737 imberbis
1227 1694 1272 1737 in
1305 1692 1362 1747 N,
1385 1693 1441 1747 P,
1473 1693 1685 1736 barbatus

196 1768 238 1809 in
271 1767 322 1822 0,
355 1768 391 1828 Q
421 1794 478 1799 —
508 1772 631 1812 tenet
668 1770 712 1811 in
750 1769 947 1812 omnibus
984 1772 1191 1823 quattuor
1235 1768 1351 1811 vasis
1389 1768 1516 1811 laeva
1554 1783 1683 1811 manu

197 1843 291 1887 lora
330 1845 391 1899 (in
424 1845 460 1889 0
499 1845 638 1887 minus
678 1844 865 1888 dilucide
903 1858 1111 1899 expressa
1151 1845 1270 1900 sunt)
1316 1844 1497 1888 dextera
1539 1847 1682 1888 autem

184 1917 451 1963 cantharum
500 1919 581 1978 (M)
623 1924 701 1964 aut
744 1919 950 1976 forcipem
998 1918 1080 1977 (N)
1126 1923 1203 1962 aut
1248 1919 1448 1962 malleum
1491 1919 1563 1975 (0)
1609 1923 1686 1961 aut

194 1994 390 2049 thyrsum
436 1996 540 2051 (P);
590 1996 765 2039 indutus
811 2000 879 2038 est
927 1996 1146 2038 exomide-
1173 1999 1219 2037 et
1264 1995 1490 2051 chlamyde
1536 2010 1683 2050 super·

193 2068 367 2125 injecta,
399 2085 511 2126 quae
541 2070 585 2114 in
617 2069 704 2114 alia
734 2070 905 2127 pictura
937 2069 1064 2113 aliter-
1094 2070 1213 2126 picta
1249 2073 1337 2123 est3
1378 2070 1424 2113 in
1454 2069 1490 2131 Q
1528 2069 1683 2113 endro-

197 2145 334 2187 mides
366 2146 489 2200 gerit.
549 2146 693 2191 Mulus
725 2146 967 2193 concitatus
1001 2150 1069 2191 est
1099 2145 1216 2192 inrN
1248 2150 1293 2187 et-
1317 2145 1375 2199 0,
1412 2146 1457 2188 in
1486 2146 1531 2190 Π
1569 2151 1613 2188 et
1642 2146 1683 2190 P

199 2220 327 2262 tardo
356 2220 465 2275 pede
495 2220 750 2275 ingreditur.
784 2216 836 2251 ’-
870 2219 1050 2276 Satyrus
1080 2221 1123 2262 in
1155 2220 1200 2265 M
1220 2225 1275 2263 ·et
1294 2220 1335 2265 P
1366 2220 1535 2263 duabus
1565 2220 1683 2262 tibiis

187 2295 328 2349 -canit,
360 2308 514 2352 agmen
544 2295 808 2351 praecedens
831 2300 876 2341 et
896 2295 1097 2352 tibiarum
1120 2308 1295 2351 capsam
1318 2309 1465 2338 secum
1484 2298 1699 2352 portans·

192 2370 236 2413 in
266 2370 311 2417 N
352 2375 396 2413 et
433 2370 470 2415 0
510 2370 647 2426 lyram
688 2374 853 2426 septem
904 2371 1167 2418 chordarum
1212 2375 1375 2427 gestat,
1414 2373 1457 2414 in
1499 2371 1543 2416 N
1582 2376 1681 2414 ante

197 2445 421 2497 Bacchum,
451 2447 495 2490 in
517 2445 554 2491 0
584 2450 682 2502 post
704 2446 944 2490 Vulcanum
974 2446 1233 2502 ingrediens.
1293 2446 1456 2499 Quibus
1485 2448 1529 2490 in
1550 2447 1680 2490 rebus

286 2627 320 2672 1)
344 2626 378 2665 N
402 2626 441 2662 in
471 2626 613 2672 Sicilia,
644 2627 693 2669 O,
728 2627 757 2664 P
786 2627 827 2663 in
857 2628 966 2664 Italia
996 2626 1173 2664 inferiore
1203 2629 1355 2673 reperta
1384 2633 1489 2668 sunt,
1528 2627 1679 2673 ignotus

182 2688 318 2720 *autem
342 2685 456 2729 locus,
481 2685 545 2720 ubi
570 2685 604 2720 N
630 2685 801 2720 effossum
829 2686 887 2720 sit.
912 2704 957 2709 —
