1920 3216
814 151 1101 218 433-

211 292 445 336 'maximam
477 294 644 347 partem
676 304 877 334 vasorum
907 290 951 332 in
974 290 1120 348 Attica
1148 289 1418 336 fabricatam·
1438 303 1546 334 esse.
1597 289 1704 332 Con-

212 371 285 410 tra
321 366 519 423 equidem
555 379 641 408 non
668 365 912 408 abnuerim
957 362 1146 410 fabricas
1194 378 1396 409 vasorum
1442 365 1700 409 vernaculas

213 442 348 486 fuisse
380 442 511 485 etiam
541 442 587 483 in
616 440 810 483 Lucania
839 444 883 483 et
913 440 1071 496 Apulia
1103 445 1146 484 et
1175 440 1334 493 Sicilia,
1362 439 1520 493 Caere,
1551 440 1702 491 Nolae,

215 500 410 560 Gumis}
443 515 560 560 Vasa
578 511 773 559 'Lucana
810 518 854 559 et
897 515 1038 571 Apula
1066 509 1348 572 -temporibus
1390 515 1704 571 posterioribus

213 590 315 633 ficta
341 590 474 646 atque
503 590 684 645 picturis
708 595 871 633 ornata
904 603 1000 633 esse
1029 591 1140 633 inter
1169 603 1319 633 omnes
1350 594 1521 633 constat
1529 590 1573 646 ¹),
1605 603 1702 633 cum

146 654 149 657 ’
213 665 391 712 vascula
420 664 558 727 Nolae
583 669 765 722 reperta
801 665 937 719 aetati
973 665 1109 723 priori
1132 665 1395 727 tribuenda*
1414 665 1514 709 sint.
1575 665 1701 719 Quod

212 726 373 785 attinet
392 740 448 784 ad
468 745 618 785 nostra
637 731 756 795 vasa,
779 739 893 797 quae
899 754 1049 797 supra
1062 740 1321 790 enumeravi,
1352 740 1466 783 ratio
1493 740 1700 784 habenda

213 822 280 861 est
309 815 501 870 Siciliae,
531 815 783 871 Cumarum,
804 816 971 868 Nolae,
1015 812 1275 862 Vulceorum
1305 817 1699 874 nonnullorumque

211 892 367 942 Italiae
399 891 625 934 inferioris
659 892 872 942 locorum,
907 906 1037 947 quae,
1077 878 1194 948 quod
1225 891 1454 934 dolendum
1487 887 1577 945 est,
1616 882 1700 949 -pro

213 970 331 1011 certo
360 966 565 1009 constitui
595 970 639 1010 et
659 966 880 1022 designari
901 981 985 1010 non
1007 970 1254 1023 potuerunt.
1315 961 1507 1011 Vascula
1527 967 1699 1023 Vulceis

215 1041 374 1086 effossa
403 1041 447 1084 in
479 1040 625 1086 Attica
654 1041 869 1085 fabricata
906 1045 1026 1085 sunt:
1063 1041 1108 1084 in
1143 1039 1325 1096 picturis
1367 1040 1540 1096 quidem
1572 1053 1698 1085 vasa-

210 1117 287 1160 riis
309 1115 497 1159 Vulcani
524 1111 825 1177 reductionem
849 1116 1288 1176 ,repraesentantibus
1312 1115 1481 1159 Vuloeis
1512 1117 1699 1174 repertis

212 1192 430 1235 invenit-ur
467 1191 606 1245 nulla,
648 1193 840 1248 quaein
877 1191 1045 1236 fabrica
1084 1190 1270 1250 Etrusca
1310 1191 1519 1246 temporis
1561 1193 1699 1235 multo

214 1267 468 1323 posterioris
497 1266 601 1310 ficta
630 1268 700 1320 sit,
732 1276 839 1310 cum·
859 1266 984 1323 signa
1004 1259 1304 1311 fabricationis
1326 1266 1550 1317 Etruscae,
1586 1282 1698 1324 quae

213 1343 372 1392 nullius
410 1341 559 1385 oculos
596 1342 761 1399 fugere⁴
785 1347 985 1398 possunt,
1030 1342 1189 1398 utique
1222 1341 1374 1384 desint.
1440 1342 1561 1394 Quae
1602 1357 1697 1387 cum

211 1418 275 1460 ita
302 1418 400 1470 sint,
431 1417 717 1472 perscrutatio
732 1430 735 1432 ·
748 1422 898 1461 nostra
924 1416 1170 1461 versabitur
1199 1441 1256 1448 —
1286 1417 1478 1473 exceptis
1500 1418 1614 1461 vasis
1645 1432 1698 1461 ex

214 1490 360 1535 Attica
385 1493 426 1533 in
458 1492 679 1547 regionem
700 1492 984 1547 Vulcejanam
1005 1492 1245 1547 exportatis
1267 1491 1346 1557 513,
1369 1491 1504 1549 (3,,1),
1526 1492 1617 1548 CC,
1638 1493 1698 1550 Η,

212 1567 258 1623 Ι,
288 1567 351 1623 Κ,
385 1566 462 1623 W,
494 1566 550 1623 Z,
576 1561 678 1621 FF,
699 1565 925 1622 KK‚.1LL‚
943 1566 1052 1624 Ill,
1075 1563 1183 1621 NN,
1204 1565 1317 1623 RB)
1358 1590 1401 1596 -w
1435 1568 1479 1610 in
1515 1567 1700 1611 vasculis

213 1642 361 1684 Cumis
390 1640 512 1696 (Im)
545 1641 682 1684 Nolae
715 1634 794 1697 (Τ)
825 1641 962 1685 Caere
994 1640 1115 1697 (1²1³)
1145 1641 1191 1683 in
1217 1641 1369 1684 'Sicilia
1395 1641 1475 1699 (N,
1498 1642 1555 1702 Q,
1574 1642 1624 1698 S)
1655 1643 1697 1685 in

211 1706 342 1760 Ita'lia
355 1714 562 1760 inferiore
583 1715 663 1770 (N,
686 1715 740 1769 0,
757 1715 818 1771 Ρ,
834 1717 898 1775 R,
920 1716 1024 1774 ἃᾶ)
1047 1716 1281 1771 fabricatis.
1305 1742 1355 1749 —
1381 1717 1440 1761 Ut
1456 1717 1510 1760 de
1525 1717 1700 1762 fabricis

212 1793 453 1835 vernaculis
483 1791 635 1833 Italiae
667 1799 800 1846 atque
835 1792 1007 1840 Siciliae
1038 1791 1172 1836 verba
1202 1779 1377 1842 faciam,
1416 1792 1497 1835 hoc
1527 1807 1701 1836 monen-

211 1868 311 1910 dum
356 1866 526 1910 videtur
578 1865 742 1923 primas
785 1880 987 1911 vasorum
1032 1866 1221 1911 fabricas
1266 1866 1463 1910 conditas
1503 1880 1601 1911 esse
1642 1868 1700 1911 ab

208 1935 446 1987 artificibus
479 1947 523 1983 et
553 1942 774 1997 opific-ibus
793 1932 974 1986 Graecis
998 1943 1183 1985 maxime
1214 1935 1384 1988 Atticis:
1416 1956 1558 1999 neque
1588 1944 1699 1986 enim

209 2018 298 2061 ulla
317 2018 370 2060 'in
408 2018 583 2073 regione
624 2021 855 2074 tantopere
895 2016 1139 2061 floruerunt
1174 2016 1501 2068 κελευθοποιοὶ
1539 2018 1699 2070 παῖδες

207 2088 500 2150 (Ηφαίστουῖ)
533 2081 662 2149 quam
695 2091 888 2134 Athenis.
927 2091 1042 2144 -Quo
1073 2092 1234 2136 factum
1269 2097 1348 2148 est,
1379 2097 1428 2136 ut
1458 2092 1698 2136 artificibus

208 2166 333 2209 Italis
380 2167 624 2222 Siculisque
665 2166 854 2208 Atticum
898 2168 1114 2222 ingenium
1153 2151 1422 2220 traderetur,
1460 2172 1516 2209 rie
1542 2154 1698 2210 'dicam

143 2250 144 2254 ’
210 2239 518 2296 inspiraretur,
558 2241 621 2283 ita
660 2245 710 2284 ut
740 2240 1007 2298 exemplaria
1036 2255 1213 2298 operum
1246 2255 1395 2285 eorum
1425 2241 1564 2298 primo
1601 2241 1697 2285 loco

208 2319 327 2357 certe
344 2315 386 2357 in
406 2316 607 2371 'operibus
623 2315 837 2359 artificum
858 2329 999 2375 neque
1022 2317 1165 2359 minus
1180 2321 1414 2373 poetarum
1439 2317 1699 2373 requirenda

207 2390 292 2434 sint
322 2391 577 2441 Atticorum.
607 2418 665 2423 —

305 2590 339 2631 1)
364 2587 409 2623 ef.
436 2576 589 2635 Helbig,
614 2588 950 2634 Untersuchungen
975 2588 1038 2623 fib.
1064 2588 1100 2624 d.
1125 2588 1385 2635 oampanisehe
1410 2588 1696 2625 Wandmalerei.

207 2646 383 2684 Vorwort
406 2647 557 2692 pg.,1X.
583 2668 627 2673 —
815 2653 819 2657 ⁴
1137 2660 1140 2663 ³

298 2704 335 2747 2)
361 2704 493 2739 Aesch.
518 2704 625 2739 Eum.
652 2716 686 2739 v.
714 2706 766 2740 13.
792 2724 838 2729 -

1467 2766 1487 2798 3
