1920 3216
848 149 1104 188 -7-

234 264 476 320 fragmenta
521 260 731 318 quaedam
786 259 986 316 abrupta.
1063 260 1255 313 Quorum
1307 263 1535 316 poetarum
1583 257 1713 302 verba

236 339 411 393 insuper
449 336 651 379 mutilata
681 336 747 378 vel
779 335 1017 391 depravata
1045 335 1089 377 in
1121 334 1343 391 codicibus
1374 330 1608 391 leguntur(
1649 338 1714 378 at·

233 417 376 454 tamen
409 427 436 454 a
465 411 568 453 viris
608 410 748 453 doctis
777 413 895 452 recte
924 408 1128 451 videntur
1158 423 1254 451 esse
1275 413 1485 452 correcta.
1548 409 1715 467 Bekke—

231 500 303 529 rus
350 485 462 528 enim
513 484 591 528 illa
635 498 744 541 quae
780 483 910 528 affert
946 481 1198 537 Apollonius
1235 482 1490 539 Dyscolus¹)
1529 482 1715 538 Alcaei²)

232 557 343 603 ὥστε
391 558 516 602 θέων
569 553 728 617 μηδέν’
777 552 1039 611 Ὀλυμπίων
1087 554 1437 616 λυσεατεργεθεν
1480 558 1540 601 sic
1587 558 1711 613 legit:

231 632 344 676 ὥστε
382 632 506 677 θέων
542 626 696 691 μηδέν’
725 626 988 686 Ὀλυμπίων
1024 629 1158 674 λῦσαι
1199 623 1305 688 ι’ίτερ
1335 628 1485 683 fei-9⁶25
1530 646 1616 688 qua
1645 647 1714 674 ra-

230 708 345 749 tione
377 707 595 762 digamma
627 706 707 763 (f),
739 706 793 748 de
825 720 910 761 quo
940 705 1072 749 verba
1102 705 1207 747 facit
1235 706 1554 760 grammaticus,
1585 708 1712 750 resti-

229 784 371 824 tutum
410 781 580 825 videtur
613 782 710 824 loco
753 780 988 835 aptissimo.
1050 779 1146 832 Qua
1186 780 1487 823 emendatione
1517 795 1713 837 compro-

230 857 336 899 bata
374 857 410 899 si
446 857 503 899 ad
548 860 740 899 nostram
782 855 971 898 fabulam
1010 842 1196 897 refertur
1233 856 1380 899 Alcaei
1419 870 1588 910 versus,
1631 857 1714 899 hoc

230 930 403 985 quidem
435 934 617 982 constat,
649 934 820 986 poetam
843 928 1040 972 Lesbium
1072 929 1230 973 miram-
1247 929 1428 974 Vulcani
1458 934 1597 973 artem
1627 945 1713 986 qua

228 1004 398 1047 vincula
417 1005 599 1047 Junonis
620 1004 917 1047 fabricavisset
937 1004 1129 1046 carmine
1160 1004 1421 1047 celebrasse.
1473 1005 1711 1047 Vulcanum

230 1083 375 1121 autem
417 1093 445 1121 a
474 1078 644 1122 Baccho
681 1079 724 1121 in
767 1078 997 1135 Olympum
1035 1077 1282 1130 reductum,
1321 1084 1370 1122 ut
1407 1079 1469 1122 ibi
1496 1080 1711 1123 Junonem

229 1151 424 1205 solveret,
458 1166 553 1195 eum
584 1153 792 1196 cecinisse
822 1152 1002 1198 minime,
1016 1152 1169 1194 elucet.
1193 1177 1246 1182 —
1268 1152 1431 1195 Eodem
1462 1152 1551 1195 fere
1583 1154 1710 1196 modo

229 1243 297 1270 res
329 1241 423 1270 sese
454 1227 586 1270 habet
605 1227 649 1269 in
673 1226 872 1283 Sapphus
885 1225 917 1282 ³)
950 1225 1080 1268 versu
1103 1240 1129 1268 a
1149 1226 1410 1280 Prisciano⁴)
1443 1228 1506 1270 sic
1526 1229 1712 1272 tradito:

230 1317 255 1343 ο
286 1301 448 1361 δαρευς
477 1316 646 1360 φαισει.
688 1316 962 1359 κεναφεστον
992 1303 1231 1357 αγεινβεια.
1292 1301 1430 1353 Neuii,
1462 1302 1712 1353 Hermanni‚

230 1377 405 1431 Bergkii
437 1376 695 1420 correcturis
728 1376 923 1431 probatis
954 1375 1181 1432 legendum
1213 1381 1280 1420 est
1310 1377 1390 1419 hoc
1413 1377 1555 1421 modo:
1584 1372 1636 1421 'O
1666 1373 1713 1421 δ’

232 1454 380 1508 Αρευς
417 1446 551 1508 (patui
579 1465 653 1492 κεν
681 1449 933 1508 ’.Ἀφαιστον
963 1448 1075 1509 ἄγην
1103 1446 1195 1509 βίᾳ.
1265 1451 1438 1507 Sappho
1479 1466 1583 1508 ergo
1622 1467 1713 1496 cer-

231 1531 375 1577 tamen
406 1527 529 1568 inter
575 1526 756 1567 Martem
798 1529 842 1567 et
874 1526 1112 1568 Vulcanum
1155 1525 1318 1567 factum
1355 1541 1715 1571 commemorasse

230 1604 371 1656 patet,
403 1600 498 1653 sed,
530 1600 745 1642 dixeritne
777 1600 908 1642 etiam
939 1601 983 1643 in
1016 1600 1164 1643 eodem
1196 1601 1387 1643 carmine
1420 1601 1659 1645 Vulcanum
1689 1617 1716 1644 a

229 1675 406 1718 Baccho
452 1675 495 1716 in
535 1674 764 1730 Olympum
811 1673 1057 1727 reductum,
1103 1674 1395 1718 demonstrari
1431 1675 1549 1718 nullo
1587 1677 1714 1719 modo

230 1753 388 1804 potest.
422 1773 471 1779 --
506 1749 693 1790 Maxima
736 1753 882 1789 autem
929 1747 1146 1790 dubitatio
1185 1753 1250 1790 est
1287 1749 1339 1790 de
1379 1748 1715 1802 Stesichoro,

230 1823 353 1879 cujus
385 1823 545 1866 mentio
577 1824 625 1865 fit
655 1823 698 1865 in
729 1822 891 1867 scholio
924 1822 1089 1867 Veneto
1122 1823 1209 1878 (A)
1240 1821 1296 1866 ad
1326 1822 1375 1865 Il.
1413 1824 1464 1876 Ψ,
1497 1827 1564 1867 92.
1610 1822 1718 1867 Διό-

230 1912 360 1949 νυσος
386 1893 645 1954 ’Ἡφαιστου
688 1895 925 1953 γενόμενον
961 1895 1007 1939 ἐν
1043 1896 1181 1954 Νάξῳ
1217 1899 1302 1956 μιᾷ
1341 1900 1428 1940 τῶν
1471 1897 1717 1941 Κυκλάδων

231 1971 424 2025 ξενίσας,
456 1968 590 2025 ἔλαβε
623 1972 730 2030 παρ’
763 1966 903 2015 αὐτοῦ
923 1973 1071 2029 δῶρον
1097 1970 1286 2032 χρύσεον
1317 1968 1551 2032 ἀμφορέα.
1582 1973 1715 2027 διωχ-

230 2045 332 2098 θεὶς
368 2046 417 2089 δὲ
458 2042 643 2106 ὕστερον
682 2042 773 2089 ὑπὸ
805 2046 1075 2105 Λυκούργου
1116 2045 1192 2089 καὶ
1229 2046 1501 2107 καταφυγών
1530 2045 1595 2098 εἰς
1625 2047 1715 2090 θά-

231 2122 416 2173 λασσαν,
457 2118 750 2179 φιλοφρόνως
780 2114 916 2163 αὐτὸν
946 2118 1284 2180 ὑποδεξαμένης
1316 2122 1520 2174 Θέτιδος,
1552 2119 1717 2165 ἔδωκεν

326 2270 357 2307 l)
384 2266 431 2301 de
455 2277 561 2312 pron.
589 2268 666 2301 358.
691 2267 720 2300 Β
746 2267 867 2309 Σαφὲς
898 2263 955 2298 ἔτι
986 2265 1045 2297 καὶ
1072 2263 1112 2297 τὸ
1130 2265 1298 2299 Αἰολικὸν
1329 2265 1489 2310 δίγαμμα
1518 2269 1596 2302 ταῖς
1626 2262 1717 2298 κατὰ

230 2322 271 2356 τὸ
300 2324 422 2369 τρίτον
450 2321 633 2370 πρόσωπον
663 2325 902 2369 neos-repetas,
934 2319 1032 2356 καθὸ
1063 2323 1121 2356 καὶ
1154 2325 1191 2356 αἱ
1215 2318 1284 2356 cino
1309 2323 1502 2367 φωνήεντος
1524 2323 1716 2369 ἀρχόμεναι

228 2381 450 2416 δασύνονται.
471 2381 647 2419 Ἀλκαῖος.
661 2380 772 2415 “stote
797 2395 826 2415 κ.
851 2393 883 2414 τ.
910 2385 940 2414 λ’.
965 2401 1013 2405 -

321 2440 357 2486 2)
382 2441 427 2476 cf.
454 2440 602 2486 Bergk„
629 2445 765 2485 poetae
789 2439 897 2484 lyrici
923 2439 1055 2474 Graeci
1080 2440 1137 2475 ed.
1164 2443 1206 2475 3³²
1223 2453 1287 2486 pg.
1312 2443 1391 2477 934.
1418 2441 1529 2486 frgm.
1557 2442 1609 2474 11.
1637 2459 1677 2464 ·—

321 2499 357 2543 3)
383 2498 431 2534 cf.
456 2497 593 2542 Bergk.
618 2498 642 2532 l.
669 2509 698 2532 c.
724 2508 786 2543 pg.
810 2498 888 2532 898.
913 2496 1024 2542 frgm.
1049 2497 1106 2532 66.
1131 2516 1179 2521 ——

320 2558 357 2599 4)
384 2556 442 2591 ed.
474 2556 587 2590 Hertz
619 2555 682 2599 VI,
713 2557 768 2589 92.
816 2555 848 2589 Ε
880 2558 1011 2589 ιοηιη
1042 2557 1171 2589 tamen
1201 2555 1239 2589 in
1271 2555 1491 2600 quibusdam
1518 2560 1553 2590 δε
1579 2557 1715 2601 produ-

227 2616 329 2648 ctum
366 2612 654 2647 terminantibus
680 2612 812 2648 Graeci
849 2616 985 2657 poetae
1022 2615 1088 2647 esis
1125 2623 1195 2656 pro
1233 2616 1268 2646 ὗε
1309 2612 1544 2657 proferentes
1569 2638 1716 2649 ......

137 2719 151 2733 Ο
222 2667 355 2715 Ἀρεύς,
379 2680 449 2715 pro
467 2665 575 2714 Ἄρης
598 2672 641 2704 ut
665 2668 833 2715 Sappho:
870 2668 1018 2715 οδαρευς
1042 2681 1070 2703 u.
1096 2681 1126 2703 τ.
1153 2670 1184 2702 λ.
1209 2689 1254 2694 -—
